%YAML 1.1
%TAG !u! tag:unity3d.com,2011:
--- !u!61 &1459181807177361019
BoxCollider2D:
  m_ObjectHideFlags: 0
  m_CorrespondingSourceObject: {fileID: 0}
  m_PrefabInstance: {fileID: 0}
  m_PrefabAsset: {fileID: 0}
  m_GameObject: {fileID: 553197890932329478}
  m_Enabled: 1
  m_Density: 1
  m_Material: {fileID: 0}
  m_IsTrigger: 0
  m_UsedByEffector: 0
  m_UsedByComposite: 0
  m_Offset: {x: -0.15, y: 0.24}
  m_SpriteTilingProperty:
    border: {x: 0, y: 0, z: 0, w: 0}
    pivot: {x: 0.5, y: 0.5}
    oldSize: {x: 1.97, y: 4.38}
    newSize: {x: 1, y: 1}
    adaptiveTilingThreshold: 0.5
    drawMode: 0
    adaptiveTiling: 0
  m_AutoTiling: 0
  serializedVersion: 2
  m_Size: {x: 1.79, y: 3.9}
  m_EdgeRadius: 0
--- !u!1 &1459181805734329501
GameObject:
  m_ObjectHideFlags: 0
  m_CorrespondingSourceObject: {fileID: 0}
  m_PrefabInstance: {fileID: 0}
  m_PrefabAsset: {fileID: 0}
  serializedVersion: 6
  m_Component:
  - component: {fileID: 1459181805734329570}
  - component: {fileID: 1459181805734329568}
  - component: {fileID: 1459181805734329571}
  m_Layer: 2
  m_Name: New Sprite
  m_TagString: Platform
  m_Icon: {fileID: 0}
  m_NavMeshLayer: 0
  m_StaticEditorFlags: 0
  m_IsActive: 1
--- !u!4 &1459181805734329570
Transform:
  m_ObjectHideFlags: 0
  m_CorrespondingSourceObject: {fileID: 0}
  m_PrefabInstance: {fileID: 0}
  m_PrefabAsset: {fileID: 0}
  m_GameObject: {fileID: 1459181805734329501}
  m_LocalRotation: {x: 0, y: 0, z: 0, w: 1}
  m_LocalPosition: {x: 2.325, y: -0.176, z: 0}
  m_LocalScale: {x: 4.7496037, y: 2.1923513, z: 1}
  m_Children: []
  m_Father: {fileID: 1459181806049329758}
  m_RootOrder: 0
  m_LocalEulerAnglesHint: {x: 0, y: 0, z: 0}
--- !u!212 &1459181805734329568
SpriteRenderer:
  m_ObjectHideFlags: 0
  m_CorrespondingSourceObject: {fileID: 0}
  m_PrefabInstance: {fileID: 0}
  m_PrefabAsset: {fileID: 0}
  m_GameObject: {fileID: 1459181805734329501}
  m_Enabled: 0
  m_CastShadows: 0
  m_ReceiveShadows: 0
  m_DynamicOccludee: 1
  m_MotionVectors: 1
  m_LightProbeUsage: 1
  m_ReflectionProbeUsage: 1
  m_RayTracingMode: 0
  m_RenderingLayerMask: 1
  m_RendererPriority: 0
  m_Materials:
  - {fileID: 10754, guid: 0000000000000000f000000000000000, type: 0}
  m_StaticBatchInfo:
    firstSubMesh: 0
    subMeshCount: 0
  m_StaticBatchRoot: {fileID: 0}
  m_ProbeAnchor: {fileID: 0}
  m_LightProbeVolumeOverride: {fileID: 0}
  m_ScaleInLightmap: 1
  m_ReceiveGI: 1
  m_PreserveUVs: 0
  m_IgnoreNormalsForChartDetection: 0
  m_ImportantGI: 0
  m_StitchLightmapSeams: 1
  m_SelectedEditorRenderState: 0
  m_MinimumChartSize: 4
  m_AutoUVMaxDistance: 0.5
  m_AutoUVMaxAngle: 89
  m_LightmapParameters: {fileID: 0}
  m_SortingLayerID: 0
  m_SortingLayer: 0
  m_SortingOrder: 0
  m_Sprite: {fileID: 21300000, guid: 10b5cc2e4f019ab4e8a8409a8c746ed2, type: 3}
  m_Color: {r: 1, g: 1, b: 1, a: 1}
  m_FlipX: 0
  m_FlipY: 0
  m_DrawMode: 0
  m_Size: {x: 1, y: 1}
  m_AdaptiveModeThreshold: 0.5
  m_SpriteTileMode: 0
  m_WasSpriteAssigned: 1
  m_MaskInteraction: 0
  m_SpriteSortPoint: 0
--- !u!61 &1459181805734329571
BoxCollider2D:
  m_ObjectHideFlags: 0
  m_CorrespondingSourceObject: {fileID: 0}
  m_PrefabInstance: {fileID: 0}
  m_PrefabAsset: {fileID: 0}
  m_GameObject: {fileID: 1459181805734329501}
  m_Enabled: 1
  m_Density: 1
  m_Material: {fileID: 6200000, guid: c5c7b3bf06b94554b95c3e8b082892b9, type: 2}
  m_IsTrigger: 0
  m_UsedByEffector: 0
  m_UsedByComposite: 0
  m_Offset: {x: 0, y: 0}
  m_SpriteTilingProperty:
    border: {x: 0, y: 0, z: 0, w: 0}
    pivot: {x: 0.5, y: 0.5}
    oldSize: {x: 1, y: 1}
    newSize: {x: 1, y: 1}
    adaptiveTilingThreshold: 0.5
    drawMode: 0
    adaptiveTiling: 0
  m_AutoTiling: 0
  serializedVersion: 2
  m_Size: {x: 1, y: 1}
  m_EdgeRadius: 0
--- !u!1 &1459181806049329753
GameObject:
  m_ObjectHideFlags: 0
  m_CorrespondingSourceObject: {fileID: 0}
  m_PrefabInstance: {fileID: 0}
  m_PrefabAsset: {fileID: 0}
  serializedVersion: 6
  m_Component:
  - component: {fileID: 1459181806049329758}
  m_Layer: 0
  m_Name: Borders
  m_TagString: Untagged
  m_Icon: {fileID: 0}
  m_NavMeshLayer: 0
  m_StaticEditorFlags: 0
  m_IsActive: 1
--- !u!4 &1459181806049329758
Transform:
  m_ObjectHideFlags: 0
  m_CorrespondingSourceObject: {fileID: 0}
  m_PrefabInstance: {fileID: 0}
  m_PrefabAsset: {fileID: 0}
  m_GameObject: {fileID: 1459181806049329753}
  m_LocalRotation: {x: 0, y: 0, z: 0, w: 1}
  m_LocalPosition: {x: 2.03, y: 1.63, z: 0}
  m_LocalScale: {x: 1, y: 1, z: 1}
  m_Children:
  - {fileID: 1459181805734329570}
  - {fileID: 1459181806408165899}
  - {fileID: 1459181807418375202}
  - {fileID: 1459181807486699294}
  - {fileID: 1459181806887516496}
  - {fileID: 1459181806315558622}
  - {fileID: 1459181806383171703}
  m_Father: {fileID: 1459181807653842203}
  m_RootOrder: 0
  m_LocalEulerAnglesHint: {x: 0, y: 0, z: 0}
--- !u!61 &1235230299
BoxCollider2D:
  m_ObjectHideFlags: 0
  m_CorrespondingSourceObject: {fileID: 0}
  m_PrefabInstance: {fileID: 0}
  m_PrefabAsset: {fileID: 0}
  m_GameObject: {fileID: 553197891427524082}
  m_Enabled: 1
  m_Density: 1
  m_Material: {fileID: 0}
  m_IsTrigger: 0
  m_UsedByEffector: 0
  m_UsedByComposite: 0
  m_Offset: {x: 0, y: 0.3}
  m_SpriteTilingProperty:
    border: {x: 0, y: 0, z: 0, w: 0}
    pivot: {x: 0.5, y: 0.5}
    oldSize: {x: 1.97, y: 4.38}
    newSize: {x: 1, y: 1}
    adaptiveTilingThreshold: 0.5
    drawMode: 0
    adaptiveTiling: 0
  m_AutoTiling: 0
  serializedVersion: 2
  m_Size: {x: 1.38, y: 3.7}
  m_EdgeRadius: 0
--- !u!1 &1459181806315558617
GameObject:
  m_ObjectHideFlags: 0
  m_CorrespondingSourceObject: {fileID: 0}
  m_PrefabInstance: {fileID: 0}
  m_PrefabAsset: {fileID: 0}
  serializedVersion: 6
  m_Component:
  - component: {fileID: 1459181806315558622}
  - component: {fileID: 1459181806315558620}
  - component: {fileID: 1459181806315558623}
  m_Layer: 2
  m_Name: New Sprite (5)
  m_TagString: Platform
  m_Icon: {fileID: 0}
  m_NavMeshLayer: 0
  m_StaticEditorFlags: 0
  m_IsActive: 1
--- !u!4 &1459181806315558622
Transform:
  m_ObjectHideFlags: 0
  m_CorrespondingSourceObject: {fileID: 0}
  m_PrefabInstance: {fileID: 0}
  m_PrefabAsset: {fileID: 0}
  m_GameObject: {fileID: 1459181806315558617}
  m_LocalRotation: {x: 0, y: 0, z: 0, w: 1}
  m_LocalPosition: {x: -6.904, y: -5.735, z: 0}
  m_LocalScale: {x: 8.433626, y: 1.7838854, z: 1}
  m_Children: []
  m_Father: {fileID: 1459181806049329758}
  m_RootOrder: 5
  m_LocalEulerAnglesHint: {x: 0, y: 0, z: 0}
--- !u!212 &1459181806315558620
SpriteRenderer:
  m_ObjectHideFlags: 0
  m_CorrespondingSourceObject: {fileID: 0}
  m_PrefabInstance: {fileID: 0}
  m_PrefabAsset: {fileID: 0}
  m_GameObject: {fileID: 1459181806315558617}
  m_Enabled: 0
  m_CastShadows: 0
  m_ReceiveShadows: 0
  m_DynamicOccludee: 1
  m_MotionVectors: 1
  m_LightProbeUsage: 1
  m_ReflectionProbeUsage: 1
  m_RayTracingMode: 0
  m_RenderingLayerMask: 1
  m_RendererPriority: 0
  m_Materials:
  - {fileID: 10754, guid: 0000000000000000f000000000000000, type: 0}
  m_StaticBatchInfo:
    firstSubMesh: 0
    subMeshCount: 0
  m_StaticBatchRoot: {fileID: 0}
  m_ProbeAnchor: {fileID: 0}
  m_LightProbeVolumeOverride: {fileID: 0}
  m_ScaleInLightmap: 1
  m_ReceiveGI: 1
  m_PreserveUVs: 0
  m_IgnoreNormalsForChartDetection: 0
  m_ImportantGI: 0
  m_StitchLightmapSeams: 1
  m_SelectedEditorRenderState: 0
  m_MinimumChartSize: 4
  m_AutoUVMaxDistance: 0.5
  m_AutoUVMaxAngle: 89
  m_LightmapParameters: {fileID: 0}
  m_SortingLayerID: 0
  m_SortingLayer: 0
  m_SortingOrder: 0
  m_Sprite: {fileID: 21300000, guid: 10b5cc2e4f019ab4e8a8409a8c746ed2, type: 3}
  m_Color: {r: 1, g: 1, b: 1, a: 1}
  m_FlipX: 0
  m_FlipY: 0
  m_DrawMode: 0
  m_Size: {x: 1, y: 1}
  m_AdaptiveModeThreshold: 0.5
  m_SpriteTileMode: 0
  m_WasSpriteAssigned: 1
  m_MaskInteraction: 0
  m_SpriteSortPoint: 0
--- !u!60 &1459181806315558623
PolygonCollider2D:
  m_ObjectHideFlags: 0
  m_CorrespondingSourceObject: {fileID: 0}
  m_PrefabInstance: {fileID: 0}
  m_PrefabAsset: {fileID: 0}
  m_GameObject: {fileID: 1459181806315558617}
  m_Enabled: 1
  m_Density: 1
  m_Material: {fileID: 6200000, guid: c5c7b3bf06b94554b95c3e8b082892b9, type: 2}
  m_IsTrigger: 0
  m_UsedByEffector: 0
  m_UsedByComposite: 0
  m_Offset: {x: 0, y: 0}
  m_SpriteTilingProperty:
    border: {x: 0, y: 0, z: 0, w: 0}
    pivot: {x: 0.5, y: 0.5}
    oldSize: {x: 1, y: 1}
    newSize: {x: 1, y: 1}
    adaptiveTilingThreshold: 0.5
    drawMode: 0
    adaptiveTiling: 0
  m_AutoTiling: 0
  m_Points:
    m_Paths:
    - - {x: -0.5, y: -0.5}
      - {x: -0.49448758, y: 2.0376155}
      - {x: -0.25293064, y: 0.7759249}
      - {x: 0.5, y: 0.5}
      - {x: 0.5, y: -0.5}
--- !u!1 &1459181806383171702
GameObject:
  m_ObjectHideFlags: 0
  m_CorrespondingSourceObject: {fileID: 0}
  m_PrefabInstance: {fileID: 0}
  m_PrefabAsset: {fileID: 0}
  serializedVersion: 6
  m_Component:
  - component: {fileID: 1459181806383171703}
  - component: {fileID: 1459181806383171701}
  - component: {fileID: 1459181806383171700}
  m_Layer: 2
  m_Name: New Sprite (6)
  m_TagString: Platform
  m_Icon: {fileID: 0}
  m_NavMeshLayer: 0
  m_StaticEditorFlags: 0
  m_IsActive: 1
--- !u!4 &1459181806383171703
Transform:
  m_ObjectHideFlags: 0
  m_CorrespondingSourceObject: {fileID: 0}
  m_PrefabInstance: {fileID: 0}
  m_PrefabAsset: {fileID: 0}
  m_GameObject: {fileID: 1459181806383171702}
  m_LocalRotation: {x: 0, y: 0, z: 0, w: 1}
  m_LocalPosition: {x: -11.273, y: -0.049, z: 0}
  m_LocalScale: {x: 0.7518511, y: 7.029446, z: 1}
  m_Children: []
  m_Father: {fileID: 1459181806049329758}
  m_RootOrder: 6
  m_LocalEulerAnglesHint: {x: 0, y: 0, z: 0}
--- !u!212 &1459181806383171701
SpriteRenderer:
  m_ObjectHideFlags: 0
  m_CorrespondingSourceObject: {fileID: 0}
  m_PrefabInstance: {fileID: 0}
  m_PrefabAsset: {fileID: 0}
  m_GameObject: {fileID: 1459181806383171702}
  m_Enabled: 0
  m_CastShadows: 0
  m_ReceiveShadows: 0
  m_DynamicOccludee: 1
  m_MotionVectors: 1
  m_LightProbeUsage: 1
  m_ReflectionProbeUsage: 1
  m_RayTracingMode: 0
  m_RenderingLayerMask: 1
  m_RendererPriority: 0
  m_Materials:
  - {fileID: 10754, guid: 0000000000000000f000000000000000, type: 0}
  m_StaticBatchInfo:
    firstSubMesh: 0
    subMeshCount: 0
  m_StaticBatchRoot: {fileID: 0}
  m_ProbeAnchor: {fileID: 0}
  m_LightProbeVolumeOverride: {fileID: 0}
  m_ScaleInLightmap: 1
  m_ReceiveGI: 1
  m_PreserveUVs: 0
  m_IgnoreNormalsForChartDetection: 0
  m_ImportantGI: 0
  m_StitchLightmapSeams: 1
  m_SelectedEditorRenderState: 0
  m_MinimumChartSize: 4
  m_AutoUVMaxDistance: 0.5
  m_AutoUVMaxAngle: 89
  m_LightmapParameters: {fileID: 0}
  m_SortingLayerID: 0
  m_SortingLayer: 0
  m_SortingOrder: 0
  m_Sprite: {fileID: 21300000, guid: 10b5cc2e4f019ab4e8a8409a8c746ed2, type: 3}
  m_Color: {r: 1, g: 1, b: 1, a: 1}
  m_FlipX: 0
  m_FlipY: 0
  m_DrawMode: 0
  m_Size: {x: 1, y: 1}
  m_AdaptiveModeThreshold: 0.5
  m_SpriteTileMode: 0
  m_WasSpriteAssigned: 1
  m_MaskInteraction: 0
  m_SpriteSortPoint: 0
--- !u!61 &1459181806383171700
BoxCollider2D:
  m_ObjectHideFlags: 0
  m_CorrespondingSourceObject: {fileID: 0}
  m_PrefabInstance: {fileID: 0}
  m_PrefabAsset: {fileID: 0}
  m_GameObject: {fileID: 1459181806383171702}
  m_Enabled: 1
  m_Density: 1
  m_Material: {fileID: 6200000, guid: c5c7b3bf06b94554b95c3e8b082892b9, type: 2}
  m_IsTrigger: 0
  m_UsedByEffector: 0
  m_UsedByComposite: 0
  m_Offset: {x: 0, y: 0}
  m_SpriteTilingProperty:
    border: {x: 0, y: 0, z: 0, w: 0}
    pivot: {x: 0.5, y: 0.5}
    oldSize: {x: 1, y: 1}
    newSize: {x: 1, y: 1}
    adaptiveTilingThreshold: 0.5
    drawMode: 0
    adaptiveTiling: 0
  m_AutoTiling: 0
  serializedVersion: 2
  m_Size: {x: 1, y: 1}
  m_EdgeRadius: 0
--- !u!1 &1459181806408165898
GameObject:
  m_ObjectHideFlags: 0
  m_CorrespondingSourceObject: {fileID: 0}
  m_PrefabInstance: {fileID: 0}
  m_PrefabAsset: {fileID: 0}
  serializedVersion: 6
  m_Component:
  - component: {fileID: 1459181806408165899}
  - component: {fileID: 1459181806408165897}
  - component: {fileID: 1459181806408165896}
  m_Layer: 2
  m_Name: New Sprite (1)
  m_TagString: Platform
  m_Icon: {fileID: 0}
  m_NavMeshLayer: 0
  m_StaticEditorFlags: 0
  m_IsActive: 1
--- !u!4 &1459181806408165899
Transform:
  m_ObjectHideFlags: 0
  m_CorrespondingSourceObject: {fileID: 0}
  m_PrefabInstance: {fileID: 0}
  m_PrefabAsset: {fileID: 0}
  m_GameObject: {fileID: 1459181806408165898}
  m_LocalRotation: {x: 0, y: 0, z: 0, w: 1}
  m_LocalPosition: {x: -2.065, y: 4.36, z: 0}
  m_LocalScale: {x: 17.73251, y: 2.0454178, z: 1}
  m_Children: []
  m_Father: {fileID: 1459181806049329758}
  m_RootOrder: 1
  m_LocalEulerAnglesHint: {x: 0, y: 0, z: 0}
--- !u!212 &1459181806408165897
SpriteRenderer:
  m_ObjectHideFlags: 0
  m_CorrespondingSourceObject: {fileID: 0}
  m_PrefabInstance: {fileID: 0}
  m_PrefabAsset: {fileID: 0}
  m_GameObject: {fileID: 1459181806408165898}
  m_Enabled: 0
  m_CastShadows: 0
  m_ReceiveShadows: 0
  m_DynamicOccludee: 1
  m_MotionVectors: 1
  m_LightProbeUsage: 1
  m_ReflectionProbeUsage: 1
  m_RayTracingMode: 0
  m_RenderingLayerMask: 1
  m_RendererPriority: 0
  m_Materials:
  - {fileID: 10754, guid: 0000000000000000f000000000000000, type: 0}
  m_StaticBatchInfo:
    firstSubMesh: 0
    subMeshCount: 0
  m_StaticBatchRoot: {fileID: 0}
  m_ProbeAnchor: {fileID: 0}
  m_LightProbeVolumeOverride: {fileID: 0}
  m_ScaleInLightmap: 1
  m_ReceiveGI: 1
  m_PreserveUVs: 0
  m_IgnoreNormalsForChartDetection: 0
  m_ImportantGI: 0
  m_StitchLightmapSeams: 1
  m_SelectedEditorRenderState: 0
  m_MinimumChartSize: 4
  m_AutoUVMaxDistance: 0.5
  m_AutoUVMaxAngle: 89
  m_LightmapParameters: {fileID: 0}
  m_SortingLayerID: 0
  m_SortingLayer: 0
  m_SortingOrder: 0
  m_Sprite: {fileID: 21300000, guid: 10b5cc2e4f019ab4e8a8409a8c746ed2, type: 3}
  m_Color: {r: 1, g: 1, b: 1, a: 1}
  m_FlipX: 0
  m_FlipY: 0
  m_DrawMode: 0
  m_Size: {x: 1, y: 1}
  m_AdaptiveModeThreshold: 0.5
  m_SpriteTileMode: 0
  m_WasSpriteAssigned: 1
  m_MaskInteraction: 0
  m_SpriteSortPoint: 0
--- !u!61 &1459181806408165896
BoxCollider2D:
  m_ObjectHideFlags: 0
  m_CorrespondingSourceObject: {fileID: 0}
  m_PrefabInstance: {fileID: 0}
  m_PrefabAsset: {fileID: 0}
  m_GameObject: {fileID: 1459181806408165898}
  m_Enabled: 1
  m_Density: 1
  m_Material: {fileID: 6200000, guid: c5c7b3bf06b94554b95c3e8b082892b9, type: 2}
  m_IsTrigger: 0
  m_UsedByEffector: 0
  m_UsedByComposite: 0
  m_Offset: {x: 0, y: 0}
  m_SpriteTilingProperty:
    border: {x: 0, y: 0, z: 0, w: 0}
    pivot: {x: 0.5, y: 0.5}
    oldSize: {x: 1, y: 1}
    newSize: {x: 1, y: 1}
    adaptiveTilingThreshold: 0.5
    drawMode: 0
    adaptiveTiling: 0
  m_AutoTiling: 0
  serializedVersion: 2
  m_Size: {x: 1, y: 1}
  m_EdgeRadius: 0
--- !u!1 &1459181806424042665
GameObject:
  m_ObjectHideFlags: 0
  m_CorrespondingSourceObject: {fileID: 0}
  m_PrefabInstance: {fileID: 0}
  m_PrefabAsset: {fileID: 0}
  serializedVersion: 6
  m_Component:
  - component: {fileID: 1459181806424042670}
  - component: {fileID: 1459181806424042671}
  m_Layer: 2
  m_Name: BG
  m_TagString: Untagged
  m_Icon: {fileID: 0}
  m_NavMeshLayer: 0
  m_StaticEditorFlags: 0
  m_IsActive: 1
--- !u!4 &1459181806424042670
Transform:
  m_ObjectHideFlags: 0
  m_CorrespondingSourceObject: {fileID: 0}
  m_PrefabInstance: {fileID: 0}
  m_PrefabAsset: {fileID: 0}
  m_GameObject: {fileID: 1459181806424042665}
  m_LocalRotation: {x: 0, y: 0, z: 0, w: 1}
  m_LocalPosition: {x: 0, y: 0, z: 5}
  m_LocalScale: {x: 1.16, y: 1.19, z: 1}
  m_Children: []
  m_Father: {fileID: 1459181807653842203}
  m_RootOrder: 1
  m_LocalEulerAnglesHint: {x: 0, y: 0, z: 0}
--- !u!212 &1459181806424042671
SpriteRenderer:
  m_ObjectHideFlags: 0
  m_CorrespondingSourceObject: {fileID: 0}
  m_PrefabInstance: {fileID: 0}
  m_PrefabAsset: {fileID: 0}
  m_GameObject: {fileID: 1459181806424042665}
  m_Enabled: 1
  m_CastShadows: 0
  m_ReceiveShadows: 0
  m_DynamicOccludee: 1
  m_MotionVectors: 1
  m_LightProbeUsage: 1
  m_ReflectionProbeUsage: 1
  m_RayTracingMode: 0
  m_RenderingLayerMask: 1
  m_RendererPriority: 0
  m_Materials:
  - {fileID: 10754, guid: 0000000000000000f000000000000000, type: 0}
  m_StaticBatchInfo:
    firstSubMesh: 0
    subMeshCount: 0
  m_StaticBatchRoot: {fileID: 0}
  m_ProbeAnchor: {fileID: 0}
  m_LightProbeVolumeOverride: {fileID: 0}
  m_ScaleInLightmap: 1
  m_ReceiveGI: 1
  m_PreserveUVs: 0
  m_IgnoreNormalsForChartDetection: 0
  m_ImportantGI: 0
  m_StitchLightmapSeams: 1
  m_SelectedEditorRenderState: 0
  m_MinimumChartSize: 4
  m_AutoUVMaxDistance: 0.5
  m_AutoUVMaxAngle: 89
  m_LightmapParameters: {fileID: 0}
  m_SortingLayerID: 0
  m_SortingLayer: 0
  m_SortingOrder: -2
  m_Sprite: {fileID: 21300000, guid: 3dd1aac9547897147aceea4160670ebe, type: 3}
  m_Color: {r: 1, g: 1, b: 1, a: 1}
  m_FlipX: 0
  m_FlipY: 0
  m_DrawMode: 0
  m_Size: {x: 5.04, y: 2.44}
  m_AdaptiveModeThreshold: 0.5
  m_SpriteTileMode: 0
  m_WasSpriteAssigned: 1
  m_MaskInteraction: 0
  m_SpriteSortPoint: 0
--- !u!1 &1459181806887516499
GameObject:
  m_ObjectHideFlags: 0
  m_CorrespondingSourceObject: {fileID: 0}
  m_PrefabInstance: {fileID: 0}
  m_PrefabAsset: {fileID: 0}
  serializedVersion: 6
  m_Component:
  - component: {fileID: 1459181806887516496}
  - component: {fileID: 1459181806887516502}
  - component: {fileID: 1459181806887516497}
  m_Layer: 2
  m_Name: New Sprite (4)
  m_TagString: Platform
  m_Icon: {fileID: 0}
  m_NavMeshLayer: 0
  m_StaticEditorFlags: 0
  m_IsActive: 1
--- !u!4 &1459181806887516496
Transform:
  m_ObjectHideFlags: 0
  m_CorrespondingSourceObject: {fileID: 0}
  m_PrefabInstance: {fileID: 0}
  m_PrefabAsset: {fileID: 0}
  m_GameObject: {fileID: 1459181806887516499}
  m_LocalRotation: {x: 0, y: 0, z: 0, w: 1}
  m_LocalPosition: {x: 0.84, y: -5.344, z: 0}
  m_LocalScale: {x: 2.5649738, y: 2.5663726, z: 1}
  m_Children: []
  m_Father: {fileID: 1459181806049329758}
  m_RootOrder: 4
  m_LocalEulerAnglesHint: {x: 0, y: 0, z: 0}
--- !u!212 &1459181806887516502
SpriteRenderer:
  m_ObjectHideFlags: 0
  m_CorrespondingSourceObject: {fileID: 0}
  m_PrefabInstance: {fileID: 0}
  m_PrefabAsset: {fileID: 0}
  m_GameObject: {fileID: 1459181806887516499}
  m_Enabled: 0
  m_CastShadows: 0
  m_ReceiveShadows: 0
  m_DynamicOccludee: 1
  m_MotionVectors: 1
  m_LightProbeUsage: 1
  m_ReflectionProbeUsage: 1
  m_RayTracingMode: 0
  m_RenderingLayerMask: 1
  m_RendererPriority: 0
  m_Materials:
  - {fileID: 10754, guid: 0000000000000000f000000000000000, type: 0}
  m_StaticBatchInfo:
    firstSubMesh: 0
    subMeshCount: 0
  m_StaticBatchRoot: {fileID: 0}
  m_ProbeAnchor: {fileID: 0}
  m_LightProbeVolumeOverride: {fileID: 0}
  m_ScaleInLightmap: 1
  m_ReceiveGI: 1
  m_PreserveUVs: 0
  m_IgnoreNormalsForChartDetection: 0
  m_ImportantGI: 0
  m_StitchLightmapSeams: 1
  m_SelectedEditorRenderState: 0
  m_MinimumChartSize: 4
  m_AutoUVMaxDistance: 0.5
  m_AutoUVMaxAngle: 89
  m_LightmapParameters: {fileID: 0}
  m_SortingLayerID: 0
  m_SortingLayer: 0
  m_SortingOrder: 0
  m_Sprite: {fileID: 21300000, guid: 10b5cc2e4f019ab4e8a8409a8c746ed2, type: 3}
  m_Color: {r: 1, g: 1, b: 1, a: 1}
  m_FlipX: 0
  m_FlipY: 0
  m_DrawMode: 0
  m_Size: {x: 1, y: 1}
  m_AdaptiveModeThreshold: 0.5
  m_SpriteTileMode: 0
  m_WasSpriteAssigned: 1
  m_MaskInteraction: 0
  m_SpriteSortPoint: 0
--- !u!61 &1459181806887516497
BoxCollider2D:
  m_ObjectHideFlags: 0
  m_CorrespondingSourceObject: {fileID: 0}
  m_PrefabInstance: {fileID: 0}
  m_PrefabAsset: {fileID: 0}
  m_GameObject: {fileID: 1459181806887516499}
  m_Enabled: 1
  m_Density: 1
  m_Material: {fileID: 6200000, guid: c5c7b3bf06b94554b95c3e8b082892b9, type: 2}
  m_IsTrigger: 0
  m_UsedByEffector: 0
  m_UsedByComposite: 0
  m_Offset: {x: 0, y: 0}
  m_SpriteTilingProperty:
    border: {x: 0, y: 0, z: 0, w: 0}
    pivot: {x: 0.5, y: 0.5}
    oldSize: {x: 1, y: 1}
    newSize: {x: 1, y: 1}
    adaptiveTilingThreshold: 0.5
    drawMode: 0
    adaptiveTiling: 0
  m_AutoTiling: 0
  serializedVersion: 2
  m_Size: {x: 1, y: 1}
  m_EdgeRadius: 0
--- !u!1 &1459181807418375389
GameObject:
  m_ObjectHideFlags: 0
  m_CorrespondingSourceObject: {fileID: 0}
  m_PrefabInstance: {fileID: 0}
  m_PrefabAsset: {fileID: 0}
  serializedVersion: 6
  m_Component:
  - component: {fileID: 1459181807418375202}
  - component: {fileID: 1459181807418375200}
  - component: {fileID: 1459181807418375203}
  m_Layer: 2
  m_Name: New Sprite (2)
  m_TagString: Platform
  m_Icon: {fileID: 0}
  m_NavMeshLayer: 0
  m_StaticEditorFlags: 0
  m_IsActive: 1
--- !u!4 &1459181807418375202
Transform:
  m_ObjectHideFlags: 0
  m_CorrespondingSourceObject: {fileID: 0}
  m_PrefabInstance: {fileID: 0}
  m_PrefabAsset: {fileID: 0}
  m_GameObject: {fileID: 1459181807418375389}
  m_LocalRotation: {x: 0, y: 0, z: 0, w: 1}
  m_LocalPosition: {x: 7.236, y: -1.63, z: 0}
  m_LocalScale: {x: 0.832324, y: 10, z: 1}
  m_Children: []
  m_Father: {fileID: 1459181806049329758}
  m_RootOrder: 2
  m_LocalEulerAnglesHint: {x: 0, y: 0, z: 0}
--- !u!212 &1459181807418375200
SpriteRenderer:
  m_ObjectHideFlags: 0
  m_CorrespondingSourceObject: {fileID: 0}
  m_PrefabInstance: {fileID: 0}
  m_PrefabAsset: {fileID: 0}
  m_GameObject: {fileID: 1459181807418375389}
  m_Enabled: 0
  m_CastShadows: 0
  m_ReceiveShadows: 0
  m_DynamicOccludee: 1
  m_MotionVectors: 1
  m_LightProbeUsage: 1
  m_ReflectionProbeUsage: 1
  m_RayTracingMode: 0
  m_RenderingLayerMask: 1
  m_RendererPriority: 0
  m_Materials:
  - {fileID: 10754, guid: 0000000000000000f000000000000000, type: 0}
  m_StaticBatchInfo:
    firstSubMesh: 0
    subMeshCount: 0
  m_StaticBatchRoot: {fileID: 0}
  m_ProbeAnchor: {fileID: 0}
  m_LightProbeVolumeOverride: {fileID: 0}
  m_ScaleInLightmap: 1
  m_ReceiveGI: 1
  m_PreserveUVs: 0
  m_IgnoreNormalsForChartDetection: 0
  m_ImportantGI: 0
  m_StitchLightmapSeams: 1
  m_SelectedEditorRenderState: 0
  m_MinimumChartSize: 4
  m_AutoUVMaxDistance: 0.5
  m_AutoUVMaxAngle: 89
  m_LightmapParameters: {fileID: 0}
  m_SortingLayerID: 0
  m_SortingLayer: 0
  m_SortingOrder: 0
  m_Sprite: {fileID: 21300000, guid: 10b5cc2e4f019ab4e8a8409a8c746ed2, type: 3}
  m_Color: {r: 1, g: 1, b: 1, a: 1}
  m_FlipX: 0
  m_FlipY: 0
  m_DrawMode: 0
  m_Size: {x: 1, y: 1}
  m_AdaptiveModeThreshold: 0.5
  m_SpriteTileMode: 0
  m_WasSpriteAssigned: 1
  m_MaskInteraction: 0
  m_SpriteSortPoint: 0
--- !u!61 &1459181807418375203
BoxCollider2D:
  m_ObjectHideFlags: 0
  m_CorrespondingSourceObject: {fileID: 0}
  m_PrefabInstance: {fileID: 0}
  m_PrefabAsset: {fileID: 0}
  m_GameObject: {fileID: 1459181807418375389}
  m_Enabled: 1
  m_Density: 1
  m_Material: {fileID: 6200000, guid: c5c7b3bf06b94554b95c3e8b082892b9, type: 2}
  m_IsTrigger: 0
  m_UsedByEffector: 0
  m_UsedByComposite: 0
  m_Offset: {x: 0, y: 0}
  m_SpriteTilingProperty:
    border: {x: 0, y: 0, z: 0, w: 0}
    pivot: {x: 0.5, y: 0.5}
    oldSize: {x: 1, y: 1}
    newSize: {x: 1, y: 1}
    adaptiveTilingThreshold: 0.5
    drawMode: 0
    adaptiveTiling: 0
  m_AutoTiling: 0
  serializedVersion: 2
  m_Size: {x: 1, y: 1}
  m_EdgeRadius: 0
--- !u!1 &1459181807486699289
GameObject:
  m_ObjectHideFlags: 0
  m_CorrespondingSourceObject: {fileID: 0}
  m_PrefabInstance: {fileID: 0}
  m_PrefabAsset: {fileID: 0}
  serializedVersion: 6
  m_Component:
  - component: {fileID: 1459181807486699294}
  - component: {fileID: 1459181807486699292}
  - component: {fileID: 1459181807486699295}
  m_Layer: 2
  m_Name: New Sprite (3)
  m_TagString: Platform
  m_Icon: {fileID: 0}
  m_NavMeshLayer: 0
  m_StaticEditorFlags: 0
  m_IsActive: 1
--- !u!4 &1459181807486699294
Transform:
  m_ObjectHideFlags: 0
  m_CorrespondingSourceObject: {fileID: 0}
  m_PrefabInstance: {fileID: 0}
  m_PrefabAsset: {fileID: 0}
  m_GameObject: {fileID: 1459181807486699289}
  m_LocalRotation: {x: 0, y: 0, z: 0, w: 1}
  m_LocalPosition: {x: 5.45, y: -3.473, z: 0}
  m_LocalScale: {x: 0.832324, y: 7.0936193, z: 1}
  m_Children: []
  m_Father: {fileID: 1459181806049329758}
  m_RootOrder: 3
  m_LocalEulerAnglesHint: {x: 0, y: 0, z: 0}
--- !u!212 &1459181807486699292
SpriteRenderer:
  m_ObjectHideFlags: 0
  m_CorrespondingSourceObject: {fileID: 0}
  m_PrefabInstance: {fileID: 0}
  m_PrefabAsset: {fileID: 0}
  m_GameObject: {fileID: 1459181807486699289}
  m_Enabled: 0
  m_CastShadows: 0
  m_ReceiveShadows: 0
  m_DynamicOccludee: 1
  m_MotionVectors: 1
  m_LightProbeUsage: 1
  m_ReflectionProbeUsage: 1
  m_RayTracingMode: 0
  m_RenderingLayerMask: 1
  m_RendererPriority: 0
  m_Materials:
  - {fileID: 10754, guid: 0000000000000000f000000000000000, type: 0}
  m_StaticBatchInfo:
    firstSubMesh: 0
    subMeshCount: 0
  m_StaticBatchRoot: {fileID: 0}
  m_ProbeAnchor: {fileID: 0}
  m_LightProbeVolumeOverride: {fileID: 0}
  m_ScaleInLightmap: 1
  m_ReceiveGI: 1
  m_PreserveUVs: 0
  m_IgnoreNormalsForChartDetection: 0
  m_ImportantGI: 0
  m_StitchLightmapSeams: 1
  m_SelectedEditorRenderState: 0
  m_MinimumChartSize: 4
  m_AutoUVMaxDistance: 0.5
  m_AutoUVMaxAngle: 89
  m_LightmapParameters: {fileID: 0}
  m_SortingLayerID: 0
  m_SortingLayer: 0
  m_SortingOrder: 0
  m_Sprite: {fileID: 21300000, guid: 10b5cc2e4f019ab4e8a8409a8c746ed2, type: 3}
  m_Color: {r: 1, g: 1, b: 1, a: 1}
  m_FlipX: 0
  m_FlipY: 0
  m_DrawMode: 0
  m_Size: {x: 1, y: 1}
  m_AdaptiveModeThreshold: 0.5
  m_SpriteTileMode: 0
  m_WasSpriteAssigned: 1
  m_MaskInteraction: 0
  m_SpriteSortPoint: 0
--- !u!61 &1459181807486699295
BoxCollider2D:
  m_ObjectHideFlags: 0
  m_CorrespondingSourceObject: {fileID: 0}
  m_PrefabInstance: {fileID: 0}
  m_PrefabAsset: {fileID: 0}
  m_GameObject: {fileID: 1459181807486699289}
  m_Enabled: 1
  m_Density: 1
  m_Material: {fileID: 6200000, guid: c5c7b3bf06b94554b95c3e8b082892b9, type: 2}
  m_IsTrigger: 0
  m_UsedByEffector: 0
  m_UsedByComposite: 0
  m_Offset: {x: 0, y: 0}
  m_SpriteTilingProperty:
    border: {x: 0, y: 0, z: 0, w: 0}
    pivot: {x: 0.5, y: 0.5}
    oldSize: {x: 1, y: 1}
    newSize: {x: 1, y: 1}
    adaptiveTilingThreshold: 0.5
    drawMode: 0
    adaptiveTiling: 0
  m_AutoTiling: 0
  serializedVersion: 2
  m_Size: {x: 1, y: 1}
  m_EdgeRadius: 0
--- !u!1 &1459181807653842202
GameObject:
  m_ObjectHideFlags: 0
  m_CorrespondingSourceObject: {fileID: 0}
  m_PrefabInstance: {fileID: 0}
  m_PrefabAsset: {fileID: 0}
  serializedVersion: 6
  m_Component:
  - component: {fileID: 1459181807653842203}
  - component: {fileID: 1459181807653842200}
  m_Layer: 0
  m_Name: Level4
  m_TagString: Untagged
  m_Icon: {fileID: 0}
  m_NavMeshLayer: 0
  m_StaticEditorFlags: 0
  m_IsActive: 0
--- !u!4 &1459181807653842203
Transform:
  m_ObjectHideFlags: 0
  m_CorrespondingSourceObject: {fileID: 0}
  m_PrefabInstance: {fileID: 0}
  m_PrefabAsset: {fileID: 0}
  m_GameObject: {fileID: 1459181807653842202}
  m_LocalRotation: {x: 0, y: 0, z: 0, w: 1}
  m_LocalPosition: {x: -3.81, y: -1.455, z: 0}
  m_LocalScale: {x: 1, y: 1, z: 1}
  m_Children:
  - {fileID: 1459181806049329758}
  - {fileID: 1459181806424042670}
  - {fileID: 553197890932329481}
  - {fileID: 4998663964273237384}
  - {fileID: 4998663963726643909}
  - {fileID: 4998663964191301485}
  - {fileID: 4998663963573418615}
  - {fileID: 4998663965272116411}
  - {fileID: 4998663963722061630}
  - {fileID: 4998663964862879910}
  - {fileID: 4998663964744100553}
  - {fileID: 4998663963380255696}
  - {fileID: 4998663964914353359}
  - {fileID: 4998663965161944596}
  - {fileID: 4998663965108095847}
  - {fileID: 4998663964235271880}
  - {fileID: 553197892548166193}
  - {fileID: 553197891427524093}
  m_Father: {fileID: 0}
  m_RootOrder: 0
  m_LocalEulerAnglesHint: {x: 0, y: 0, z: 0}
--- !u!114 &1459181807653842200
MonoBehaviour:
  m_ObjectHideFlags: 0
  m_CorrespondingSourceObject: {fileID: 0}
  m_PrefabInstance: {fileID: 0}
  m_PrefabAsset: {fileID: 0}
  m_GameObject: {fileID: 1459181807653842202}
  m_Enabled: 1
  m_EditorHideFlags: 0
  m_Script: {fileID: 11500000, guid: 928c69ccf6f0d234e9bd82446c024890, type: 3}
  m_Name: 
  m_EditorClassIdentifier: 
  m_nodesLevel:
  - {fileID: 7853801915575964686}
  - {fileID: 7853801915109476774}
  - {fileID: 7853801915994336444}
  - {fileID: 7853801916191349360}
  - {fileID: 7853801915580809717}
  - {fileID: 7853801916855979629}
  - {fileID: 7853801916702604290}
  - {fileID: 7853801915935268123}
  - {fileID: 7853801916798407172}
  - {fileID: 7853801916550930655}
  - {fileID: 7853801916354616748}
  - {fileID: 7853801915078088707}
  m_movingBlockerObjectsLevel:
  - {fileID: 2401469174151927414}
  - {fileID: 2401469175265233338}
  m_singleBlocker: {fileID: 553197890932329478}
--- !u!1001 &1459181805599248986
PrefabInstance:
  m_ObjectHideFlags: 0
  serializedVersion: 2
  m_Modification:
    m_TransformParent: {fileID: 1459181807653842203}
    m_Modifications:
    - target: {fileID: 5845351788612090000, guid: cd98d56c01c16dc40b9febd94b9bc255,
        type: 3}
      propertyPath: m_Enabled
      value: 1
      objectReference: {fileID: 0}
    - target: {fileID: 5845351788612090003, guid: cd98d56c01c16dc40b9febd94b9bc255,
        type: 3}
      propertyPath: m_LocalPosition.x
      value: -7.97
      objectReference: {fileID: 0}
    - target: {fileID: 5845351788612090003, guid: cd98d56c01c16dc40b9febd94b9bc255,
        type: 3}
      propertyPath: m_LocalPosition.y
      value: 4.12
      objectReference: {fileID: 0}
    - target: {fileID: 5845351788612090003, guid: cd98d56c01c16dc40b9febd94b9bc255,
        type: 3}
      propertyPath: m_LocalPosition.z
      value: 0
      objectReference: {fileID: 0}
    - target: {fileID: 5845351788612090003, guid: cd98d56c01c16dc40b9febd94b9bc255,
        type: 3}
      propertyPath: m_LocalRotation.x
      value: 0
      objectReference: {fileID: 0}
    - target: {fileID: 5845351788612090003, guid: cd98d56c01c16dc40b9febd94b9bc255,
        type: 3}
      propertyPath: m_LocalRotation.y
      value: 0
      objectReference: {fileID: 0}
    - target: {fileID: 5845351788612090003, guid: cd98d56c01c16dc40b9febd94b9bc255,
        type: 3}
      propertyPath: m_LocalRotation.z
      value: 0
      objectReference: {fileID: 0}
    - target: {fileID: 5845351788612090003, guid: cd98d56c01c16dc40b9febd94b9bc255,
        type: 3}
      propertyPath: m_LocalRotation.w
      value: 1
      objectReference: {fileID: 0}
    - target: {fileID: 5845351788612090003, guid: cd98d56c01c16dc40b9febd94b9bc255,
        type: 3}
      propertyPath: m_RootOrder
      value: 10
      objectReference: {fileID: 0}
    - target: {fileID: 5845351788612090003, guid: cd98d56c01c16dc40b9febd94b9bc255,
        type: 3}
      propertyPath: m_LocalEulerAnglesHint.x
      value: 0
      objectReference: {fileID: 0}
    - target: {fileID: 5845351788612090003, guid: cd98d56c01c16dc40b9febd94b9bc255,
        type: 3}
      propertyPath: m_LocalEulerAnglesHint.y
      value: 0
      objectReference: {fileID: 0}
    - target: {fileID: 5845351788612090003, guid: cd98d56c01c16dc40b9febd94b9bc255,
        type: 3}
      propertyPath: m_LocalEulerAnglesHint.z
      value: 0
      objectReference: {fileID: 0}
    - target: {fileID: 5845351788612090012, guid: cd98d56c01c16dc40b9febd94b9bc255,
        type: 3}
      propertyPath: m_Name
      value: NewNodes (5)
      objectReference: {fileID: 0}
    - target: {fileID: 8700463154681081432, guid: cd98d56c01c16dc40b9febd94b9bc255,
        type: 3}
      propertyPath: m_isSwitchMovingPlatform
      value: 0
      objectReference: {fileID: 0}
    - target: {fileID: 8700463154681081432, guid: cd98d56c01c16dc40b9febd94b9bc255,
        type: 3}
      propertyPath: m_isSwitchDoor
      value: 1
      objectReference: {fileID: 0}
    m_RemovedComponents: []
  m_SourcePrefab: {fileID: 100100000, guid: cd98d56c01c16dc40b9febd94b9bc255, type: 3}
--- !u!114 &7853801916702604290 stripped
MonoBehaviour:
  m_CorrespondingSourceObject: {fileID: 8700463154681081432, guid: cd98d56c01c16dc40b9febd94b9bc255,
    type: 3}
  m_PrefabInstance: {fileID: 1459181805599248986}
  m_PrefabAsset: {fileID: 0}
  m_GameObject: {fileID: 0}
  m_Enabled: 1
  m_EditorHideFlags: 0
  m_Script: {fileID: 11500000, guid: 1a353406437b43a4488bb443bd5eea04, type: 3}
  m_Name: 
  m_EditorClassIdentifier: 
--- !u!4 &4998663964744100553 stripped
Transform:
  m_CorrespondingSourceObject: {fileID: 5845351788612090003, guid: cd98d56c01c16dc40b9febd94b9bc255,
    type: 3}
  m_PrefabInstance: {fileID: 1459181805599248986}
  m_PrefabAsset: {fileID: 0}
--- !u!1001 &1459181805743750780
PrefabInstance:
  m_ObjectHideFlags: 0
  serializedVersion: 2
  m_Modification:
    m_TransformParent: {fileID: 1459181807653842203}
    m_Modifications:
    - target: {fileID: 772047080, guid: fefa2862b74e2ed498ba2f22bcd6e415, type: 3}
      propertyPath: m_SpriteTilingProperty.oldSize.x
      value: 1.97
      objectReference: {fileID: 0}
    - target: {fileID: 772047080, guid: fefa2862b74e2ed498ba2f22bcd6e415, type: 3}
      propertyPath: m_SpriteTilingProperty.oldSize.y
      value: 4.38
      objectReference: {fileID: 0}
    - target: {fileID: 1435896842403836533, guid: fefa2862b74e2ed498ba2f22bcd6e415,
        type: 3}
      propertyPath: m_LocalPosition.x
      value: 6.45
      objectReference: {fileID: 0}
    - target: {fileID: 1435896842403836533, guid: fefa2862b74e2ed498ba2f22bcd6e415,
        type: 3}
      propertyPath: m_LocalPosition.y
      value: 3.71
      objectReference: {fileID: 0}
    - target: {fileID: 1435896842403836533, guid: fefa2862b74e2ed498ba2f22bcd6e415,
        type: 3}
      propertyPath: m_LocalPosition.z
      value: 0
      objectReference: {fileID: 0}
    - target: {fileID: 1435896842403836533, guid: fefa2862b74e2ed498ba2f22bcd6e415,
        type: 3}
      propertyPath: m_LocalRotation.x
      value: 0
      objectReference: {fileID: 0}
    - target: {fileID: 1435896842403836533, guid: fefa2862b74e2ed498ba2f22bcd6e415,
        type: 3}
      propertyPath: m_LocalRotation.y
      value: 0
      objectReference: {fileID: 0}
    - target: {fileID: 1435896842403836533, guid: fefa2862b74e2ed498ba2f22bcd6e415,
        type: 3}
      propertyPath: m_LocalRotation.z
      value: 0
      objectReference: {fileID: 0}
    - target: {fileID: 1435896842403836533, guid: fefa2862b74e2ed498ba2f22bcd6e415,
        type: 3}
      propertyPath: m_LocalRotation.w
      value: 1
      objectReference: {fileID: 0}
    - target: {fileID: 1435896842403836533, guid: fefa2862b74e2ed498ba2f22bcd6e415,
        type: 3}
      propertyPath: m_RootOrder
      value: 2
      objectReference: {fileID: 0}
    - target: {fileID: 1435896842403836533, guid: fefa2862b74e2ed498ba2f22bcd6e415,
        type: 3}
      propertyPath: m_LocalEulerAnglesHint.x
      value: 0
      objectReference: {fileID: 0}
    - target: {fileID: 1435896842403836533, guid: fefa2862b74e2ed498ba2f22bcd6e415,
        type: 3}
      propertyPath: m_LocalEulerAnglesHint.y
      value: 0
      objectReference: {fileID: 0}
    - target: {fileID: 1435896842403836533, guid: fefa2862b74e2ed498ba2f22bcd6e415,
        type: 3}
      propertyPath: m_LocalEulerAnglesHint.z
      value: 0
      objectReference: {fileID: 0}
    - target: {fileID: 1435896842403836533, guid: fefa2862b74e2ed498ba2f22bcd6e415,
        type: 3}
      propertyPath: m_LocalScale.y
      value: 0.5
      objectReference: {fileID: 0}
    - target: {fileID: 1435896842403836533, guid: fefa2862b74e2ed498ba2f22bcd6e415,
        type: 3}
      propertyPath: m_LocalScale.x
      value: 0.5
      objectReference: {fileID: 0}
    - target: {fileID: 1435896842403836534, guid: fefa2862b74e2ed498ba2f22bcd6e415,
        type: 3}
      propertyPath: m_Sprite
      value: 
      objectReference: {fileID: -4980264667741640177, guid: 06c645aa8c6eafb4281183321914291d,
        type: 3}
    - target: {fileID: 1435896842403836534, guid: fefa2862b74e2ed498ba2f22bcd6e415,
        type: 3}
      propertyPath: m_Color.r
      value: 1
      objectReference: {fileID: 0}
    - target: {fileID: 1435896842403836534, guid: fefa2862b74e2ed498ba2f22bcd6e415,
        type: 3}
      propertyPath: m_Color.g
      value: 1
      objectReference: {fileID: 0}
    - target: {fileID: 1435896842403836534, guid: fefa2862b74e2ed498ba2f22bcd6e415,
        type: 3}
      propertyPath: m_Color.b
      value: 1
      objectReference: {fileID: 0}
    - target: {fileID: 1435896842403836538, guid: fefa2862b74e2ed498ba2f22bcd6e415,
        type: 3}
      propertyPath: m_Name
      value: Lock
      objectReference: {fileID: 0}
    - target: {fileID: 3824599944872961586, guid: fefa2862b74e2ed498ba2f22bcd6e415,
        type: 3}
      propertyPath: m_leftLimit
      value: -6
      objectReference: {fileID: 0}
    - target: {fileID: 3824599944872961586, guid: fefa2862b74e2ed498ba2f22bcd6e415,
        type: 3}
      propertyPath: m_isVertical
      value: 1
      objectReference: {fileID: 0}
    - target: {fileID: 3824599944872961586, guid: fefa2862b74e2ed498ba2f22bcd6e415,
        type: 3}
      propertyPath: m_stopMoving
      value: 0
      objectReference: {fileID: 0}
    - target: {fileID: 3824599944872961586, guid: fefa2862b74e2ed498ba2f22bcd6e415,
        type: 3}
      propertyPath: m_upLimit
      value: 3.73
      objectReference: {fileID: 0}
    - target: {fileID: 3824599944872961586, guid: fefa2862b74e2ed498ba2f22bcd6e415,
        type: 3}
      propertyPath: m_downLimit
      value: 1.47
      objectReference: {fileID: 0}
    m_RemovedComponents:
    - {fileID: 1435896842403836532, guid: fefa2862b74e2ed498ba2f22bcd6e415, type: 3}
    - {fileID: 3824599944872961586, guid: fefa2862b74e2ed498ba2f22bcd6e415, type: 3}
  m_SourcePrefab: {fileID: 100100000, guid: fefa2862b74e2ed498ba2f22bcd6e415, type: 3}
--- !u!1 &553197890932329478 stripped
GameObject:
  m_CorrespondingSourceObject: {fileID: 1435896842403836538, guid: fefa2862b74e2ed498ba2f22bcd6e415,
    type: 3}
  m_PrefabInstance: {fileID: 1459181805743750780}
  m_PrefabAsset: {fileID: 0}
--- !u!4 &553197890932329481 stripped
Transform:
  m_CorrespondingSourceObject: {fileID: 1435896842403836533, guid: fefa2862b74e2ed498ba2f22bcd6e415,
    type: 3}
  m_PrefabInstance: {fileID: 1459181805743750780}
  m_PrefabAsset: {fileID: 0}
--- !u!1001 &1459181805748379701
PrefabInstance:
  m_ObjectHideFlags: 0
  serializedVersion: 2
  m_Modification:
    m_TransformParent: {fileID: 1459181807653842203}
    m_Modifications:
    - target: {fileID: 5845351788612090003, guid: cd98d56c01c16dc40b9febd94b9bc255,
        type: 3}
      propertyPath: m_LocalPosition.x
      value: -3.55
      objectReference: {fileID: 0}
    - target: {fileID: 5845351788612090003, guid: cd98d56c01c16dc40b9febd94b9bc255,
        type: 3}
      propertyPath: m_LocalPosition.y
      value: 3.94
      objectReference: {fileID: 0}
    - target: {fileID: 5845351788612090003, guid: cd98d56c01c16dc40b9febd94b9bc255,
        type: 3}
      propertyPath: m_LocalPosition.z
      value: 0
      objectReference: {fileID: 0}
    - target: {fileID: 5845351788612090003, guid: cd98d56c01c16dc40b9febd94b9bc255,
        type: 3}
      propertyPath: m_LocalRotation.x
      value: 0
      objectReference: {fileID: 0}
    - target: {fileID: 5845351788612090003, guid: cd98d56c01c16dc40b9febd94b9bc255,
        type: 3}
      propertyPath: m_LocalRotation.y
      value: 0
      objectReference: {fileID: 0}
    - target: {fileID: 5845351788612090003, guid: cd98d56c01c16dc40b9febd94b9bc255,
        type: 3}
      propertyPath: m_LocalRotation.z
      value: 0
      objectReference: {fileID: 0}
    - target: {fileID: 5845351788612090003, guid: cd98d56c01c16dc40b9febd94b9bc255,
        type: 3}
      propertyPath: m_LocalRotation.w
      value: 1
      objectReference: {fileID: 0}
    - target: {fileID: 5845351788612090003, guid: cd98d56c01c16dc40b9febd94b9bc255,
        type: 3}
      propertyPath: m_RootOrder
      value: 9
      objectReference: {fileID: 0}
    - target: {fileID: 5845351788612090003, guid: cd98d56c01c16dc40b9febd94b9bc255,
        type: 3}
      propertyPath: m_LocalEulerAnglesHint.x
      value: 0
      objectReference: {fileID: 0}
    - target: {fileID: 5845351788612090003, guid: cd98d56c01c16dc40b9febd94b9bc255,
        type: 3}
      propertyPath: m_LocalEulerAnglesHint.y
      value: 0
      objectReference: {fileID: 0}
    - target: {fileID: 5845351788612090003, guid: cd98d56c01c16dc40b9febd94b9bc255,
        type: 3}
      propertyPath: m_LocalEulerAnglesHint.z
      value: 0
      objectReference: {fileID: 0}
    - target: {fileID: 5845351788612090012, guid: cd98d56c01c16dc40b9febd94b9bc255,
        type: 3}
      propertyPath: m_Name
      value: NewNodes (4)
      objectReference: {fileID: 0}
    - target: {fileID: 8700463154681081432, guid: cd98d56c01c16dc40b9febd94b9bc255,
        type: 3}
      propertyPath: m_isSwitchMovingPlatform
      value: 0
      objectReference: {fileID: 0}
    m_RemovedComponents: []
  m_SourcePrefab: {fileID: 100100000, guid: cd98d56c01c16dc40b9febd94b9bc255, type: 3}
--- !u!114 &7853801916855979629 stripped
MonoBehaviour:
  m_CorrespondingSourceObject: {fileID: 8700463154681081432, guid: cd98d56c01c16dc40b9febd94b9bc255,
    type: 3}
  m_PrefabInstance: {fileID: 1459181805748379701}
  m_PrefabAsset: {fileID: 0}
  m_GameObject: {fileID: 0}
  m_Enabled: 1
  m_EditorHideFlags: 0
  m_Script: {fileID: 11500000, guid: 1a353406437b43a4488bb443bd5eea04, type: 3}
  m_Name: 
  m_EditorClassIdentifier: 
--- !u!4 &4998663964862879910 stripped
Transform:
  m_CorrespondingSourceObject: {fileID: 5845351788612090003, guid: cd98d56c01c16dc40b9febd94b9bc255,
    type: 3}
  m_PrefabInstance: {fileID: 1459181805748379701}
  m_PrefabAsset: {fileID: 0}
--- !u!1001 &1459181805829553244
PrefabInstance:
  m_ObjectHideFlags: 0
  serializedVersion: 2
  m_Modification:
    m_TransformParent: {fileID: 1459181807653842203}
    m_Modifications:
    - target: {fileID: 5845351788612090000, guid: cd98d56c01c16dc40b9febd94b9bc255,
        type: 3}
      propertyPath: m_Enabled
      value: 1
      objectReference: {fileID: 0}
    - target: {fileID: 5845351788612090003, guid: cd98d56c01c16dc40b9febd94b9bc255,
        type: 3}
      propertyPath: m_LocalPosition.x
      value: -4.91
      objectReference: {fileID: 0}
    - target: {fileID: 5845351788612090003, guid: cd98d56c01c16dc40b9febd94b9bc255,
        type: 3}
      propertyPath: m_LocalPosition.y
      value: -1.86
      objectReference: {fileID: 0}
    - target: {fileID: 5845351788612090003, guid: cd98d56c01c16dc40b9febd94b9bc255,
        type: 3}
      propertyPath: m_LocalPosition.z
      value: 0
      objectReference: {fileID: 0}
    - target: {fileID: 5845351788612090003, guid: cd98d56c01c16dc40b9febd94b9bc255,
        type: 3}
      propertyPath: m_LocalRotation.x
      value: 0
      objectReference: {fileID: 0}
    - target: {fileID: 5845351788612090003, guid: cd98d56c01c16dc40b9febd94b9bc255,
        type: 3}
      propertyPath: m_LocalRotation.y
      value: 0
      objectReference: {fileID: 0}
    - target: {fileID: 5845351788612090003, guid: cd98d56c01c16dc40b9febd94b9bc255,
        type: 3}
      propertyPath: m_LocalRotation.z
      value: 0
      objectReference: {fileID: 0}
    - target: {fileID: 5845351788612090003, guid: cd98d56c01c16dc40b9febd94b9bc255,
        type: 3}
      propertyPath: m_LocalRotation.w
      value: 1
      objectReference: {fileID: 0}
    - target: {fileID: 5845351788612090003, guid: cd98d56c01c16dc40b9febd94b9bc255,
        type: 3}
      propertyPath: m_RootOrder
      value: 12
      objectReference: {fileID: 0}
    - target: {fileID: 5845351788612090003, guid: cd98d56c01c16dc40b9febd94b9bc255,
        type: 3}
      propertyPath: m_LocalEulerAnglesHint.x
      value: 0
      objectReference: {fileID: 0}
    - target: {fileID: 5845351788612090003, guid: cd98d56c01c16dc40b9febd94b9bc255,
        type: 3}
      propertyPath: m_LocalEulerAnglesHint.y
      value: 0
      objectReference: {fileID: 0}
    - target: {fileID: 5845351788612090003, guid: cd98d56c01c16dc40b9febd94b9bc255,
        type: 3}
      propertyPath: m_LocalEulerAnglesHint.z
      value: 0
      objectReference: {fileID: 0}
    - target: {fileID: 5845351788612090012, guid: cd98d56c01c16dc40b9febd94b9bc255,
        type: 3}
      propertyPath: m_Name
      value: NewNodes (7)
      objectReference: {fileID: 0}
    - target: {fileID: 8700463154681081432, guid: cd98d56c01c16dc40b9febd94b9bc255,
        type: 3}
      propertyPath: m_isSwitchMovingPlatform
      value: 0
      objectReference: {fileID: 0}
    - target: {fileID: 8700463154681081432, guid: cd98d56c01c16dc40b9febd94b9bc255,
        type: 3}
      propertyPath: m_isSwitchDoor
      value: 0
      objectReference: {fileID: 0}
    m_RemovedComponents: []
  m_SourcePrefab: {fileID: 100100000, guid: cd98d56c01c16dc40b9febd94b9bc255, type: 3}
--- !u!4 &4998663964914353359 stripped
Transform:
  m_CorrespondingSourceObject: {fileID: 5845351788612090003, guid: cd98d56c01c16dc40b9febd94b9bc255,
    type: 3}
  m_PrefabInstance: {fileID: 1459181805829553244}
  m_PrefabAsset: {fileID: 0}
--- !u!114 &7853801916798407172 stripped
MonoBehaviour:
  m_CorrespondingSourceObject: {fileID: 8700463154681081432, guid: cd98d56c01c16dc40b9febd94b9bc255,
    type: 3}
  m_PrefabInstance: {fileID: 1459181805829553244}
  m_PrefabAsset: {fileID: 0}
  m_GameObject: {fileID: 0}
  m_Enabled: 1
  m_EditorHideFlags: 0
  m_Script: {fileID: 11500000, guid: 1a353406437b43a4488bb443bd5eea04, type: 3}
  m_Name: 
  m_EditorClassIdentifier: 
--- !u!1001 &1459181806161884200
PrefabInstance:
  m_ObjectHideFlags: 0
  serializedVersion: 2
  m_Modification:
    m_TransformParent: {fileID: 1459181807653842203}
    m_Modifications:
    - target: {fileID: 5845351788612090003, guid: cd98d56c01c16dc40b9febd94b9bc255,
        type: 3}
      propertyPath: m_LocalPosition.x
      value: -0.13
      objectReference: {fileID: 0}
    - target: {fileID: 5845351788612090003, guid: cd98d56c01c16dc40b9febd94b9bc255,
        type: 3}
      propertyPath: m_LocalPosition.y
      value: 1.36
      objectReference: {fileID: 0}
    - target: {fileID: 5845351788612090003, guid: cd98d56c01c16dc40b9febd94b9bc255,
        type: 3}
      propertyPath: m_LocalPosition.z
      value: 0
      objectReference: {fileID: 0}
    - target: {fileID: 5845351788612090003, guid: cd98d56c01c16dc40b9febd94b9bc255,
        type: 3}
      propertyPath: m_LocalRotation.x
      value: 0
      objectReference: {fileID: 0}
    - target: {fileID: 5845351788612090003, guid: cd98d56c01c16dc40b9febd94b9bc255,
        type: 3}
      propertyPath: m_LocalRotation.y
      value: 0
      objectReference: {fileID: 0}
    - target: {fileID: 5845351788612090003, guid: cd98d56c01c16dc40b9febd94b9bc255,
        type: 3}
      propertyPath: m_LocalRotation.z
      value: 0
      objectReference: {fileID: 0}
    - target: {fileID: 5845351788612090003, guid: cd98d56c01c16dc40b9febd94b9bc255,
        type: 3}
      propertyPath: m_LocalRotation.w
      value: 1
      objectReference: {fileID: 0}
    - target: {fileID: 5845351788612090003, guid: cd98d56c01c16dc40b9febd94b9bc255,
        type: 3}
      propertyPath: m_RootOrder
      value: 7
      objectReference: {fileID: 0}
    - target: {fileID: 5845351788612090003, guid: cd98d56c01c16dc40b9febd94b9bc255,
        type: 3}
      propertyPath: m_LocalEulerAnglesHint.x
      value: 0
      objectReference: {fileID: 0}
    - target: {fileID: 5845351788612090003, guid: cd98d56c01c16dc40b9febd94b9bc255,
        type: 3}
      propertyPath: m_LocalEulerAnglesHint.y
      value: 0
      objectReference: {fileID: 0}
    - target: {fileID: 5845351788612090003, guid: cd98d56c01c16dc40b9febd94b9bc255,
        type: 3}
      propertyPath: m_LocalEulerAnglesHint.z
      value: 0
      objectReference: {fileID: 0}
    - target: {fileID: 5845351788612090012, guid: cd98d56c01c16dc40b9febd94b9bc255,
        type: 3}
      propertyPath: m_Name
      value: NewNodes (2)
      objectReference: {fileID: 0}
    - target: {fileID: 8700463154681081432, guid: cd98d56c01c16dc40b9febd94b9bc255,
        type: 3}
      propertyPath: m_isSwitchMovingPlatform
      value: 1
      objectReference: {fileID: 0}
    m_RemovedComponents: []
  m_SourcePrefab: {fileID: 100100000, guid: cd98d56c01c16dc40b9febd94b9bc255, type: 3}
--- !u!114 &7853801916191349360 stripped
MonoBehaviour:
  m_CorrespondingSourceObject: {fileID: 8700463154681081432, guid: cd98d56c01c16dc40b9febd94b9bc255,
    type: 3}
  m_PrefabInstance: {fileID: 1459181806161884200}
  m_PrefabAsset: {fileID: 0}
  m_GameObject: {fileID: 0}
  m_Enabled: 1
  m_EditorHideFlags: 0
  m_Script: {fileID: 11500000, guid: 1a353406437b43a4488bb443bd5eea04, type: 3}
  m_Name: 
  m_EditorClassIdentifier: 
--- !u!4 &4998663965272116411 stripped
Transform:
  m_CorrespondingSourceObject: {fileID: 5845351788612090003, guid: cd98d56c01c16dc40b9febd94b9bc255,
    type: 3}
  m_PrefabInstance: {fileID: 1459181806161884200}
  m_PrefabAsset: {fileID: 0}
--- !u!1001 &1459181806256238472
PrefabInstance:
  m_ObjectHideFlags: 0
  serializedVersion: 2
  m_Modification:
    m_TransformParent: {fileID: 1459181807653842203}
    m_Modifications:
    - target: {fileID: 1435896842403836533, guid: fefa2862b74e2ed498ba2f22bcd6e415,
        type: 3}
      propertyPath: m_LocalPosition.x
      value: -6.46
      objectReference: {fileID: 0}
    - target: {fileID: 1435896842403836533, guid: fefa2862b74e2ed498ba2f22bcd6e415,
        type: 3}
      propertyPath: m_LocalPosition.y
      value: 2.64
      objectReference: {fileID: 0}
    - target: {fileID: 1435896842403836533, guid: fefa2862b74e2ed498ba2f22bcd6e415,
        type: 3}
      propertyPath: m_LocalPosition.z
      value: 0
      objectReference: {fileID: 0}
    - target: {fileID: 1435896842403836533, guid: fefa2862b74e2ed498ba2f22bcd6e415,
        type: 3}
      propertyPath: m_LocalRotation.x
      value: 0
      objectReference: {fileID: 0}
    - target: {fileID: 1435896842403836533, guid: fefa2862b74e2ed498ba2f22bcd6e415,
        type: 3}
      propertyPath: m_LocalRotation.y
      value: 0
      objectReference: {fileID: 0}
    - target: {fileID: 1435896842403836533, guid: fefa2862b74e2ed498ba2f22bcd6e415,
        type: 3}
      propertyPath: m_LocalRotation.z
      value: 0
      objectReference: {fileID: 0}
    - target: {fileID: 1435896842403836533, guid: fefa2862b74e2ed498ba2f22bcd6e415,
        type: 3}
      propertyPath: m_LocalRotation.w
      value: 1
      objectReference: {fileID: 0}
    - target: {fileID: 1435896842403836533, guid: fefa2862b74e2ed498ba2f22bcd6e415,
        type: 3}
      propertyPath: m_RootOrder
      value: 17
      objectReference: {fileID: 0}
    - target: {fileID: 1435896842403836533, guid: fefa2862b74e2ed498ba2f22bcd6e415,
        type: 3}
      propertyPath: m_LocalEulerAnglesHint.x
      value: 0
      objectReference: {fileID: 0}
    - target: {fileID: 1435896842403836533, guid: fefa2862b74e2ed498ba2f22bcd6e415,
        type: 3}
      propertyPath: m_LocalEulerAnglesHint.y
      value: 0
      objectReference: {fileID: 0}
    - target: {fileID: 1435896842403836533, guid: fefa2862b74e2ed498ba2f22bcd6e415,
        type: 3}
      propertyPath: m_LocalEulerAnglesHint.z
      value: 0
      objectReference: {fileID: 0}
    - target: {fileID: 1435896842403836534, guid: fefa2862b74e2ed498ba2f22bcd6e415,
        type: 3}
      propertyPath: m_Sprite
      value: 
      objectReference: {fileID: -4980264667741640177, guid: 06c645aa8c6eafb4281183321914291d,
        type: 3}
    - target: {fileID: 1435896842403836538, guid: fefa2862b74e2ed498ba2f22bcd6e415,
        type: 3}
      propertyPath: m_Name
      value: MovingBlockerVertical
      objectReference: {fileID: 0}
    - target: {fileID: 3824599944872961586, guid: fefa2862b74e2ed498ba2f22bcd6e415,
        type: 3}
      propertyPath: m_isVertical
      value: 1
      objectReference: {fileID: 0}
    - target: {fileID: 3824599944872961586, guid: fefa2862b74e2ed498ba2f22bcd6e415,
        type: 3}
      propertyPath: m_rightLimit
      value: -0.85
      objectReference: {fileID: 0}
    - target: {fileID: 3824599944872961586, guid: fefa2862b74e2ed498ba2f22bcd6e415,
        type: 3}
      propertyPath: m_leftLimit
      value: -3.73
      objectReference: {fileID: 0}
    - target: {fileID: 3824599944872961586, guid: fefa2862b74e2ed498ba2f22bcd6e415,
        type: 3}
      propertyPath: m_upLimit
      value: 2.68
      objectReference: {fileID: 0}
    - target: {fileID: 3824599944872961586, guid: fefa2862b74e2ed498ba2f22bcd6e415,
        type: 3}
      propertyPath: m_downLimit
      value: -0.94
      objectReference: {fileID: 0}
    - target: {fileID: 3824599944872961586, guid: fefa2862b74e2ed498ba2f22bcd6e415,
        type: 3}
      propertyPath: m_speed
      value: 3
      objectReference: {fileID: 0}
    m_RemovedComponents:
    - {fileID: 772047080, guid: fefa2862b74e2ed498ba2f22bcd6e415, type: 3}
  m_SourcePrefab: {fileID: 100100000, guid: fefa2862b74e2ed498ba2f22bcd6e415, type: 3}
--- !u!114 &2401469175265233338 stripped
MonoBehaviour:
  m_CorrespondingSourceObject: {fileID: 3824599944872961586, guid: fefa2862b74e2ed498ba2f22bcd6e415,
    type: 3}
  m_PrefabInstance: {fileID: 1459181806256238472}
  m_PrefabAsset: {fileID: 0}
  m_GameObject: {fileID: 553197891427524082}
  m_Enabled: 1
  m_EditorHideFlags: 0
  m_Script: {fileID: 11500000, guid: d0e429adb5800b9459c03313b92016c6, type: 3}
  m_Name: 
  m_EditorClassIdentifier: 
--- !u!1 &553197891427524082 stripped
GameObject:
  m_CorrespondingSourceObject: {fileID: 1435896842403836538, guid: fefa2862b74e2ed498ba2f22bcd6e415,
    type: 3}
  m_PrefabInstance: {fileID: 1459181806256238472}
  m_PrefabAsset: {fileID: 0}
--- !u!4 &553197891427524093 stripped
Transform:
  m_CorrespondingSourceObject: {fileID: 1435896842403836533, guid: fefa2862b74e2ed498ba2f22bcd6e415,
    type: 3}
  m_PrefabInstance: {fileID: 1459181806256238472}
  m_PrefabAsset: {fileID: 0}
--- !u!1001 &1459181806459466740
PrefabInstance:
  m_ObjectHideFlags: 0
  serializedVersion: 2
  m_Modification:
    m_TransformParent: {fileID: 1459181807653842203}
    m_Modifications:
    - target: {fileID: 5845351788612090000, guid: cd98d56c01c16dc40b9febd94b9bc255,
        type: 3}
      propertyPath: m_Enabled
      value: 1
      objectReference: {fileID: 0}
    - target: {fileID: 5845351788612090003, guid: cd98d56c01c16dc40b9febd94b9bc255,
        type: 3}
      propertyPath: m_LocalPosition.x
      value: 4.6
      objectReference: {fileID: 0}
    - target: {fileID: 5845351788612090003, guid: cd98d56c01c16dc40b9febd94b9bc255,
        type: 3}
      propertyPath: m_LocalPosition.y
      value: 3.93
      objectReference: {fileID: 0}
    - target: {fileID: 5845351788612090003, guid: cd98d56c01c16dc40b9febd94b9bc255,
        type: 3}
      propertyPath: m_LocalPosition.z
      value: 0
      objectReference: {fileID: 0}
    - target: {fileID: 5845351788612090003, guid: cd98d56c01c16dc40b9febd94b9bc255,
        type: 3}
      propertyPath: m_LocalRotation.x
      value: 0
      objectReference: {fileID: 0}
    - target: {fileID: 5845351788612090003, guid: cd98d56c01c16dc40b9febd94b9bc255,
        type: 3}
      propertyPath: m_LocalRotation.y
      value: 0
      objectReference: {fileID: 0}
    - target: {fileID: 5845351788612090003, guid: cd98d56c01c16dc40b9febd94b9bc255,
        type: 3}
      propertyPath: m_LocalRotation.z
      value: 0
      objectReference: {fileID: 0}
    - target: {fileID: 5845351788612090003, guid: cd98d56c01c16dc40b9febd94b9bc255,
        type: 3}
      propertyPath: m_LocalRotation.w
      value: 1
      objectReference: {fileID: 0}
    - target: {fileID: 5845351788612090003, guid: cd98d56c01c16dc40b9febd94b9bc255,
        type: 3}
      propertyPath: m_RootOrder
      value: 14
      objectReference: {fileID: 0}
    - target: {fileID: 5845351788612090003, guid: cd98d56c01c16dc40b9febd94b9bc255,
        type: 3}
      propertyPath: m_LocalEulerAnglesHint.x
      value: 0
      objectReference: {fileID: 0}
    - target: {fileID: 5845351788612090003, guid: cd98d56c01c16dc40b9febd94b9bc255,
        type: 3}
      propertyPath: m_LocalEulerAnglesHint.y
      value: 0
      objectReference: {fileID: 0}
    - target: {fileID: 5845351788612090003, guid: cd98d56c01c16dc40b9febd94b9bc255,
        type: 3}
      propertyPath: m_LocalEulerAnglesHint.z
      value: 0
      objectReference: {fileID: 0}
    - target: {fileID: 5845351788612090012, guid: cd98d56c01c16dc40b9febd94b9bc255,
        type: 3}
      propertyPath: m_Name
      value: NewNodes (9)
      objectReference: {fileID: 0}
    - target: {fileID: 8700463154681081432, guid: cd98d56c01c16dc40b9febd94b9bc255,
        type: 3}
      propertyPath: m_isSwitchMovingPlatform
      value: 0
      objectReference: {fileID: 0}
    - target: {fileID: 8700463154681081432, guid: cd98d56c01c16dc40b9febd94b9bc255,
        type: 3}
      propertyPath: m_isSwitchDoor
      value: 0
      objectReference: {fileID: 0}
    m_RemovedComponents: []
  m_SourcePrefab: {fileID: 100100000, guid: cd98d56c01c16dc40b9febd94b9bc255, type: 3}
--- !u!114 &7853801916354616748 stripped
MonoBehaviour:
  m_CorrespondingSourceObject: {fileID: 8700463154681081432, guid: cd98d56c01c16dc40b9febd94b9bc255,
    type: 3}
  m_PrefabInstance: {fileID: 1459181806459466740}
  m_PrefabAsset: {fileID: 0}
  m_GameObject: {fileID: 0}
  m_Enabled: 1
  m_EditorHideFlags: 0
  m_Script: {fileID: 11500000, guid: 1a353406437b43a4488bb443bd5eea04, type: 3}
  m_Name: 
  m_EditorClassIdentifier: 
--- !u!4 &4998663965108095847 stripped
Transform:
  m_CorrespondingSourceObject: {fileID: 5845351788612090003, guid: cd98d56c01c16dc40b9febd94b9bc255,
    type: 3}
  m_PrefabInstance: {fileID: 1459181806459466740}
  m_PrefabAsset: {fileID: 0}
--- !u!1001 &1459181806521618055
PrefabInstance:
  m_ObjectHideFlags: 0
  serializedVersion: 2
  m_Modification:
    m_TransformParent: {fileID: 1459181807653842203}
    m_Modifications:
    - target: {fileID: 5845351788612090000, guid: cd98d56c01c16dc40b9febd94b9bc255,
        type: 3}
      propertyPath: m_Enabled
      value: 1
      objectReference: {fileID: 0}
    - target: {fileID: 5845351788612090003, guid: cd98d56c01c16dc40b9febd94b9bc255,
        type: 3}
      propertyPath: m_LocalPosition.x
      value: 1.01
      objectReference: {fileID: 0}
    - target: {fileID: 5845351788612090003, guid: cd98d56c01c16dc40b9febd94b9bc255,
        type: 3}
      propertyPath: m_LocalPosition.y
      value: 3.93
      objectReference: {fileID: 0}
    - target: {fileID: 5845351788612090003, guid: cd98d56c01c16dc40b9febd94b9bc255,
        type: 3}
      propertyPath: m_LocalPosition.z
      value: 0
      objectReference: {fileID: 0}
    - target: {fileID: 5845351788612090003, guid: cd98d56c01c16dc40b9febd94b9bc255,
        type: 3}
      propertyPath: m_LocalRotation.x
      value: 0
      objectReference: {fileID: 0}
    - target: {fileID: 5845351788612090003, guid: cd98d56c01c16dc40b9febd94b9bc255,
        type: 3}
      propertyPath: m_LocalRotation.y
      value: 0
      objectReference: {fileID: 0}
    - target: {fileID: 5845351788612090003, guid: cd98d56c01c16dc40b9febd94b9bc255,
        type: 3}
      propertyPath: m_LocalRotation.z
      value: 0
      objectReference: {fileID: 0}
    - target: {fileID: 5845351788612090003, guid: cd98d56c01c16dc40b9febd94b9bc255,
        type: 3}
      propertyPath: m_LocalRotation.w
      value: 1
      objectReference: {fileID: 0}
    - target: {fileID: 5845351788612090003, guid: cd98d56c01c16dc40b9febd94b9bc255,
        type: 3}
      propertyPath: m_RootOrder
      value: 13
      objectReference: {fileID: 0}
    - target: {fileID: 5845351788612090003, guid: cd98d56c01c16dc40b9febd94b9bc255,
        type: 3}
      propertyPath: m_LocalEulerAnglesHint.x
      value: 0
      objectReference: {fileID: 0}
    - target: {fileID: 5845351788612090003, guid: cd98d56c01c16dc40b9febd94b9bc255,
        type: 3}
      propertyPath: m_LocalEulerAnglesHint.y
      value: 0
      objectReference: {fileID: 0}
    - target: {fileID: 5845351788612090003, guid: cd98d56c01c16dc40b9febd94b9bc255,
        type: 3}
      propertyPath: m_LocalEulerAnglesHint.z
      value: 0
      objectReference: {fileID: 0}
    - target: {fileID: 5845351788612090012, guid: cd98d56c01c16dc40b9febd94b9bc255,
        type: 3}
      propertyPath: m_Name
      value: NewNodes (8)
      objectReference: {fileID: 0}
    - target: {fileID: 8700463154681081432, guid: cd98d56c01c16dc40b9febd94b9bc255,
        type: 3}
      propertyPath: m_isSwitchMovingPlatform
      value: 0
      objectReference: {fileID: 0}
    - target: {fileID: 8700463154681081432, guid: cd98d56c01c16dc40b9febd94b9bc255,
        type: 3}
      propertyPath: m_isSwitchDoor
      value: 0
      objectReference: {fileID: 0}
    m_RemovedComponents: []
  m_SourcePrefab: {fileID: 100100000, guid: cd98d56c01c16dc40b9febd94b9bc255, type: 3}
--- !u!114 &7853801916550930655 stripped
MonoBehaviour:
  m_CorrespondingSourceObject: {fileID: 8700463154681081432, guid: cd98d56c01c16dc40b9febd94b9bc255,
    type: 3}
  m_PrefabInstance: {fileID: 1459181806521618055}
  m_PrefabAsset: {fileID: 0}
  m_GameObject: {fileID: 0}
  m_Enabled: 1
  m_EditorHideFlags: 0
  m_Script: {fileID: 11500000, guid: 1a353406437b43a4488bb443bd5eea04, type: 3}
  m_Name: 
  m_EditorClassIdentifier: 
--- !u!4 &4998663965161944596 stripped
Transform:
  m_CorrespondingSourceObject: {fileID: 5845351788612090003, guid: cd98d56c01c16dc40b9febd94b9bc255,
    type: 3}
  m_PrefabInstance: {fileID: 1459181806521618055}
  m_PrefabAsset: {fileID: 0}
--- !u!1001 &1459181806750530134
PrefabInstance:
  m_ObjectHideFlags: 0
  serializedVersion: 2
  m_Modification:
    m_TransformParent: {fileID: 1459181807653842203}
    m_Modifications:
    - target: {fileID: 5845351788612090003, guid: cd98d56c01c16dc40b9febd94b9bc255,
        type: 3}
      propertyPath: m_LocalPosition.x
      value: 0.71
      objectReference: {fileID: 0}
    - target: {fileID: 5845351788612090003, guid: cd98d56c01c16dc40b9febd94b9bc255,
        type: 3}
      propertyPath: m_LocalPosition.y
      value: -4.26
      objectReference: {fileID: 0}
    - target: {fileID: 5845351788612090003, guid: cd98d56c01c16dc40b9febd94b9bc255,
        type: 3}
      propertyPath: m_LocalPosition.z
      value: 0
      objectReference: {fileID: 0}
    - target: {fileID: 5845351788612090003, guid: cd98d56c01c16dc40b9febd94b9bc255,
        type: 3}
      propertyPath: m_LocalRotation.x
      value: 0
      objectReference: {fileID: 0}
    - target: {fileID: 5845351788612090003, guid: cd98d56c01c16dc40b9febd94b9bc255,
        type: 3}
      propertyPath: m_LocalRotation.y
      value: 0
      objectReference: {fileID: 0}
    - target: {fileID: 5845351788612090003, guid: cd98d56c01c16dc40b9febd94b9bc255,
        type: 3}
      propertyPath: m_LocalRotation.z
      value: 0
      objectReference: {fileID: 0}
    - target: {fileID: 5845351788612090003, guid: cd98d56c01c16dc40b9febd94b9bc255,
        type: 3}
      propertyPath: m_LocalRotation.w
      value: 1
      objectReference: {fileID: 0}
    - target: {fileID: 5845351788612090003, guid: cd98d56c01c16dc40b9febd94b9bc255,
        type: 3}
      propertyPath: m_RootOrder
      value: 4
      objectReference: {fileID: 0}
    - target: {fileID: 5845351788612090003, guid: cd98d56c01c16dc40b9febd94b9bc255,
        type: 3}
      propertyPath: m_LocalEulerAnglesHint.x
      value: 0
      objectReference: {fileID: 0}
    - target: {fileID: 5845351788612090003, guid: cd98d56c01c16dc40b9febd94b9bc255,
        type: 3}
      propertyPath: m_LocalEulerAnglesHint.y
      value: 0
      objectReference: {fileID: 0}
    - target: {fileID: 5845351788612090003, guid: cd98d56c01c16dc40b9febd94b9bc255,
        type: 3}
      propertyPath: m_LocalEulerAnglesHint.z
      value: 0
      objectReference: {fileID: 0}
    - target: {fileID: 5845351788612090012, guid: cd98d56c01c16dc40b9febd94b9bc255,
        type: 3}
      propertyPath: m_Name
      value: StartNodePlayer1
      objectReference: {fileID: 0}
    - target: {fileID: 8700463154681081432, guid: cd98d56c01c16dc40b9febd94b9bc255,
        type: 3}
      propertyPath: m_startNodePlayer1
      value: 1
      objectReference: {fileID: 0}
    m_RemovedComponents: []
  m_SourcePrefab: {fileID: 100100000, guid: cd98d56c01c16dc40b9febd94b9bc255, type: 3}
--- !u!4 &4998663963726643909 stripped
Transform:
  m_CorrespondingSourceObject: {fileID: 5845351788612090003, guid: cd98d56c01c16dc40b9febd94b9bc255,
    type: 3}
  m_PrefabInstance: {fileID: 1459181806750530134}
  m_PrefabAsset: {fileID: 0}
--- !u!114 &7853801915575964686 stripped
MonoBehaviour:
  m_CorrespondingSourceObject: {fileID: 8700463154681081432, guid: cd98d56c01c16dc40b9febd94b9bc255,
    type: 3}
  m_PrefabInstance: {fileID: 1459181806750530134}
  m_PrefabAsset: {fileID: 0}
  m_GameObject: {fileID: 0}
  m_Enabled: 1
  m_EditorHideFlags: 0
  m_Script: {fileID: 11500000, guid: 1a353406437b43a4488bb443bd5eea04, type: 3}
  m_Name: 
  m_EditorClassIdentifier: 
--- !u!1001 &1459181806755114925
PrefabInstance:
  m_ObjectHideFlags: 0
  serializedVersion: 2
  m_Modification:
    m_TransformParent: {fileID: 1459181807653842203}
    m_Modifications:
    - target: {fileID: 5845351788612090003, guid: cd98d56c01c16dc40b9febd94b9bc255,
        type: 3}
      propertyPath: m_LocalPosition.x
      value: -3.95
      objectReference: {fileID: 0}
    - target: {fileID: 5845351788612090003, guid: cd98d56c01c16dc40b9febd94b9bc255,
        type: 3}
      propertyPath: m_LocalPosition.y
      value: 2.09
      objectReference: {fileID: 0}
    - target: {fileID: 5845351788612090003, guid: cd98d56c01c16dc40b9febd94b9bc255,
        type: 3}
      propertyPath: m_LocalPosition.z
      value: 0
      objectReference: {fileID: 0}
    - target: {fileID: 5845351788612090003, guid: cd98d56c01c16dc40b9febd94b9bc255,
        type: 3}
      propertyPath: m_LocalRotation.x
      value: 0
      objectReference: {fileID: 0}
    - target: {fileID: 5845351788612090003, guid: cd98d56c01c16dc40b9febd94b9bc255,
        type: 3}
      propertyPath: m_LocalRotation.y
      value: 0
      objectReference: {fileID: 0}
    - target: {fileID: 5845351788612090003, guid: cd98d56c01c16dc40b9febd94b9bc255,
        type: 3}
      propertyPath: m_LocalRotation.z
      value: 0
      objectReference: {fileID: 0}
    - target: {fileID: 5845351788612090003, guid: cd98d56c01c16dc40b9febd94b9bc255,
        type: 3}
      propertyPath: m_LocalRotation.w
      value: 1
      objectReference: {fileID: 0}
    - target: {fileID: 5845351788612090003, guid: cd98d56c01c16dc40b9febd94b9bc255,
        type: 3}
      propertyPath: m_RootOrder
      value: 8
      objectReference: {fileID: 0}
    - target: {fileID: 5845351788612090003, guid: cd98d56c01c16dc40b9febd94b9bc255,
        type: 3}
      propertyPath: m_LocalEulerAnglesHint.x
      value: 0
      objectReference: {fileID: 0}
    - target: {fileID: 5845351788612090003, guid: cd98d56c01c16dc40b9febd94b9bc255,
        type: 3}
      propertyPath: m_LocalEulerAnglesHint.y
      value: 0
      objectReference: {fileID: 0}
    - target: {fileID: 5845351788612090003, guid: cd98d56c01c16dc40b9febd94b9bc255,
        type: 3}
      propertyPath: m_LocalEulerAnglesHint.z
      value: 0
      objectReference: {fileID: 0}
    - target: {fileID: 5845351788612090012, guid: cd98d56c01c16dc40b9febd94b9bc255,
        type: 3}
      propertyPath: m_Name
      value: NewNodes (3)
      objectReference: {fileID: 0}
    - target: {fileID: 8700463154681081432, guid: cd98d56c01c16dc40b9febd94b9bc255,
        type: 3}
      propertyPath: m_isSwitchMovingPlatform
      value: 0
      objectReference: {fileID: 0}
    m_RemovedComponents: []
  m_SourcePrefab: {fileID: 100100000, guid: cd98d56c01c16dc40b9febd94b9bc255, type: 3}
--- !u!4 &4998663963722061630 stripped
Transform:
  m_CorrespondingSourceObject: {fileID: 5845351788612090003, guid: cd98d56c01c16dc40b9febd94b9bc255,
    type: 3}
  m_PrefabInstance: {fileID: 1459181806755114925}
  m_PrefabAsset: {fileID: 0}
--- !u!114 &7853801915580809717 stripped
MonoBehaviour:
  m_CorrespondingSourceObject: {fileID: 8700463154681081432, guid: cd98d56c01c16dc40b9febd94b9bc255,
    type: 3}
  m_PrefabInstance: {fileID: 1459181806755114925}
  m_PrefabAsset: {fileID: 0}
  m_GameObject: {fileID: 0}
  m_Enabled: 1
  m_EditorHideFlags: 0
  m_Script: {fileID: 11500000, guid: 1a353406437b43a4488bb443bd5eea04, type: 3}
  m_Name: 
  m_EditorClassIdentifier: 
--- !u!1001 &1459181806979478339
PrefabInstance:
  m_ObjectHideFlags: 0
  serializedVersion: 2
  m_Modification:
    m_TransformParent: {fileID: 1459181807653842203}
    m_Modifications:
    - target: {fileID: 5845351788612090000, guid: cd98d56c01c16dc40b9febd94b9bc255,
        type: 3}
      propertyPath: m_Enabled
      value: 1
      objectReference: {fileID: 0}
    - target: {fileID: 5845351788612090003, guid: cd98d56c01c16dc40b9febd94b9bc255,
        type: 3}
      propertyPath: m_LocalPosition.x
      value: -8.08
      objectReference: {fileID: 0}
    - target: {fileID: 5845351788612090003, guid: cd98d56c01c16dc40b9febd94b9bc255,
        type: 3}
      propertyPath: m_LocalPosition.y
      value: 0.97
      objectReference: {fileID: 0}
    - target: {fileID: 5845351788612090003, guid: cd98d56c01c16dc40b9febd94b9bc255,
        type: 3}
      propertyPath: m_LocalPosition.z
      value: 0
      objectReference: {fileID: 0}
    - target: {fileID: 5845351788612090003, guid: cd98d56c01c16dc40b9febd94b9bc255,
        type: 3}
      propertyPath: m_LocalRotation.x
      value: 0
      objectReference: {fileID: 0}
    - target: {fileID: 5845351788612090003, guid: cd98d56c01c16dc40b9febd94b9bc255,
        type: 3}
      propertyPath: m_LocalRotation.y
      value: 0
      objectReference: {fileID: 0}
    - target: {fileID: 5845351788612090003, guid: cd98d56c01c16dc40b9febd94b9bc255,
        type: 3}
      propertyPath: m_LocalRotation.z
      value: 0
      objectReference: {fileID: 0}
    - target: {fileID: 5845351788612090003, guid: cd98d56c01c16dc40b9febd94b9bc255,
        type: 3}
      propertyPath: m_LocalRotation.w
      value: 1
      objectReference: {fileID: 0}
    - target: {fileID: 5845351788612090003, guid: cd98d56c01c16dc40b9febd94b9bc255,
        type: 3}
      propertyPath: m_RootOrder
      value: 11
      objectReference: {fileID: 0}
    - target: {fileID: 5845351788612090003, guid: cd98d56c01c16dc40b9febd94b9bc255,
        type: 3}
      propertyPath: m_LocalEulerAnglesHint.x
      value: 0
      objectReference: {fileID: 0}
    - target: {fileID: 5845351788612090003, guid: cd98d56c01c16dc40b9febd94b9bc255,
        type: 3}
      propertyPath: m_LocalEulerAnglesHint.y
      value: 0
      objectReference: {fileID: 0}
    - target: {fileID: 5845351788612090003, guid: cd98d56c01c16dc40b9febd94b9bc255,
        type: 3}
      propertyPath: m_LocalEulerAnglesHint.z
      value: 0
      objectReference: {fileID: 0}
    - target: {fileID: 5845351788612090012, guid: cd98d56c01c16dc40b9febd94b9bc255,
        type: 3}
      propertyPath: m_Name
      value: NewNodes (6)
      objectReference: {fileID: 0}
    - target: {fileID: 8700463154681081432, guid: cd98d56c01c16dc40b9febd94b9bc255,
        type: 3}
      propertyPath: m_isSwitchMovingPlatform
      value: 0
      objectReference: {fileID: 0}
    - target: {fileID: 8700463154681081432, guid: cd98d56c01c16dc40b9febd94b9bc255,
        type: 3}
      propertyPath: m_isSwitchDoor
      value: 0
      objectReference: {fileID: 0}
    m_RemovedComponents: []
  m_SourcePrefab: {fileID: 100100000, guid: cd98d56c01c16dc40b9febd94b9bc255, type: 3}
--- !u!4 &4998663963380255696 stripped
Transform:
  m_CorrespondingSourceObject: {fileID: 5845351788612090003, guid: cd98d56c01c16dc40b9febd94b9bc255,
    type: 3}
  m_PrefabInstance: {fileID: 1459181806979478339}
  m_PrefabAsset: {fileID: 0}
--- !u!114 &7853801915935268123 stripped
MonoBehaviour:
  m_CorrespondingSourceObject: {fileID: 8700463154681081432, guid: cd98d56c01c16dc40b9febd94b9bc255,
    type: 3}
  m_PrefabInstance: {fileID: 1459181806979478339}
  m_PrefabAsset: {fileID: 0}
  m_GameObject: {fileID: 0}
  m_Enabled: 1
  m_EditorHideFlags: 0
  m_Script: {fileID: 11500000, guid: 1a353406437b43a4488bb443bd5eea04, type: 3}
  m_Name: 
  m_EditorClassIdentifier: 
--- !u!1001 &1459181807172584164
PrefabInstance:
  m_ObjectHideFlags: 0
  serializedVersion: 2
  m_Modification:
    m_TransformParent: {fileID: 1459181807653842203}
    m_Modifications:
    - target: {fileID: 5845351788612090003, guid: cd98d56c01c16dc40b9febd94b9bc255,
        type: 3}
      propertyPath: m_LocalPosition.x
      value: 4.22
      objectReference: {fileID: 0}
    - target: {fileID: 5845351788612090003, guid: cd98d56c01c16dc40b9febd94b9bc255,
        type: 3}
      propertyPath: m_LocalPosition.y
      value: -1.1
      objectReference: {fileID: 0}
    - target: {fileID: 5845351788612090003, guid: cd98d56c01c16dc40b9febd94b9bc255,
        type: 3}
      propertyPath: m_LocalPosition.z
      value: 0
      objectReference: {fileID: 0}
    - target: {fileID: 5845351788612090003, guid: cd98d56c01c16dc40b9febd94b9bc255,
        type: 3}
      propertyPath: m_LocalRotation.x
      value: 0
      objectReference: {fileID: 0}
    - target: {fileID: 5845351788612090003, guid: cd98d56c01c16dc40b9febd94b9bc255,
        type: 3}
      propertyPath: m_LocalRotation.y
      value: 0
      objectReference: {fileID: 0}
    - target: {fileID: 5845351788612090003, guid: cd98d56c01c16dc40b9febd94b9bc255,
        type: 3}
      propertyPath: m_LocalRotation.z
      value: 0
      objectReference: {fileID: 0}
    - target: {fileID: 5845351788612090003, guid: cd98d56c01c16dc40b9febd94b9bc255,
        type: 3}
      propertyPath: m_LocalRotation.w
      value: 1
      objectReference: {fileID: 0}
    - target: {fileID: 5845351788612090003, guid: cd98d56c01c16dc40b9febd94b9bc255,
        type: 3}
      propertyPath: m_RootOrder
      value: 6
      objectReference: {fileID: 0}
    - target: {fileID: 5845351788612090003, guid: cd98d56c01c16dc40b9febd94b9bc255,
        type: 3}
      propertyPath: m_LocalEulerAnglesHint.x
      value: 0
      objectReference: {fileID: 0}
    - target: {fileID: 5845351788612090003, guid: cd98d56c01c16dc40b9febd94b9bc255,
        type: 3}
      propertyPath: m_LocalEulerAnglesHint.y
      value: 0
      objectReference: {fileID: 0}
    - target: {fileID: 5845351788612090003, guid: cd98d56c01c16dc40b9febd94b9bc255,
        type: 3}
      propertyPath: m_LocalEulerAnglesHint.z
      value: 0
      objectReference: {fileID: 0}
    - target: {fileID: 5845351788612090012, guid: cd98d56c01c16dc40b9febd94b9bc255,
        type: 3}
      propertyPath: m_Name
      value: NewNodes (1)
      objectReference: {fileID: 0}
    m_RemovedComponents: []
  m_SourcePrefab: {fileID: 100100000, guid: cd98d56c01c16dc40b9febd94b9bc255, type: 3}
--- !u!114 &7853801915994336444 stripped
MonoBehaviour:
  m_CorrespondingSourceObject: {fileID: 8700463154681081432, guid: cd98d56c01c16dc40b9febd94b9bc255,
    type: 3}
  m_PrefabInstance: {fileID: 1459181807172584164}
  m_PrefabAsset: {fileID: 0}
  m_GameObject: {fileID: 0}
  m_Enabled: 1
  m_EditorHideFlags: 0
  m_Script: {fileID: 11500000, guid: 1a353406437b43a4488bb443bd5eea04, type: 3}
  m_Name: 
  m_EditorClassIdentifier: 
--- !u!4 &4998663963573418615 stripped
Transform:
  m_CorrespondingSourceObject: {fileID: 5845351788612090003, guid: cd98d56c01c16dc40b9febd94b9bc255,
    type: 3}
  m_PrefabInstance: {fileID: 1459181807172584164}
  m_PrefabAsset: {fileID: 0}
--- !u!1001 &1459181807195977307
PrefabInstance:
  m_ObjectHideFlags: 0
  serializedVersion: 2
  m_Modification:
    m_TransformParent: {fileID: 1459181807653842203}
    m_Modifications:
    - target: {fileID: 5845351788612090000, guid: cd98d56c01c16dc40b9febd94b9bc255,
        type: 3}
      propertyPath: m_Enabled
      value: 1
      objectReference: {fileID: 0}
    - target: {fileID: 5845351788612090003, guid: cd98d56c01c16dc40b9febd94b9bc255,
        type: 3}
      propertyPath: m_LocalPosition.x
      value: 7.94
      objectReference: {fileID: 0}
    - target: {fileID: 5845351788612090003, guid: cd98d56c01c16dc40b9febd94b9bc255,
        type: 3}
      propertyPath: m_LocalPosition.y
      value: 2.99
      objectReference: {fileID: 0}
    - target: {fileID: 5845351788612090003, guid: cd98d56c01c16dc40b9febd94b9bc255,
        type: 3}
      propertyPath: m_LocalPosition.z
      value: 0
      objectReference: {fileID: 0}
    - target: {fileID: 5845351788612090003, guid: cd98d56c01c16dc40b9febd94b9bc255,
        type: 3}
      propertyPath: m_LocalRotation.x
      value: 0
      objectReference: {fileID: 0}
    - target: {fileID: 5845351788612090003, guid: cd98d56c01c16dc40b9febd94b9bc255,
        type: 3}
      propertyPath: m_LocalRotation.y
      value: 0
      objectReference: {fileID: 0}
    - target: {fileID: 5845351788612090003, guid: cd98d56c01c16dc40b9febd94b9bc255,
        type: 3}
      propertyPath: m_LocalRotation.z
      value: 0
      objectReference: {fileID: 0}
    - target: {fileID: 5845351788612090003, guid: cd98d56c01c16dc40b9febd94b9bc255,
        type: 3}
      propertyPath: m_LocalRotation.w
      value: 1
      objectReference: {fileID: 0}
    - target: {fileID: 5845351788612090003, guid: cd98d56c01c16dc40b9febd94b9bc255,
        type: 3}
      propertyPath: m_RootOrder
      value: 15
      objectReference: {fileID: 0}
    - target: {fileID: 5845351788612090003, guid: cd98d56c01c16dc40b9febd94b9bc255,
        type: 3}
      propertyPath: m_LocalEulerAnglesHint.x
      value: 0
      objectReference: {fileID: 0}
    - target: {fileID: 5845351788612090003, guid: cd98d56c01c16dc40b9febd94b9bc255,
        type: 3}
      propertyPath: m_LocalEulerAnglesHint.y
      value: 0
      objectReference: {fileID: 0}
    - target: {fileID: 5845351788612090003, guid: cd98d56c01c16dc40b9febd94b9bc255,
        type: 3}
      propertyPath: m_LocalEulerAnglesHint.z
      value: 0
      objectReference: {fileID: 0}
    - target: {fileID: 5845351788612090012, guid: cd98d56c01c16dc40b9febd94b9bc255,
        type: 3}
      propertyPath: m_Name
      value: NewNodes (10)
      objectReference: {fileID: 0}
    - target: {fileID: 8700463154681081432, guid: cd98d56c01c16dc40b9febd94b9bc255,
        type: 3}
      propertyPath: m_isSwitchMovingPlatform
      value: 0
      objectReference: {fileID: 0}
    - target: {fileID: 8700463154681081432, guid: cd98d56c01c16dc40b9febd94b9bc255,
        type: 3}
      propertyPath: m_isSwitchDoor
      value: 0
      objectReference: {fileID: 0}
    - target: {fileID: 8700463154681081432, guid: cd98d56c01c16dc40b9febd94b9bc255,
        type: 3}
      propertyPath: m_endNode
      value: 1
      objectReference: {fileID: 0}
    m_RemovedComponents: []
  m_SourcePrefab: {fileID: 100100000, guid: cd98d56c01c16dc40b9febd94b9bc255, type: 3}
--- !u!4 &4998663964235271880 stripped
Transform:
  m_CorrespondingSourceObject: {fileID: 5845351788612090003, guid: cd98d56c01c16dc40b9febd94b9bc255,
    type: 3}
  m_PrefabInstance: {fileID: 1459181807195977307}
  m_PrefabAsset: {fileID: 0}
--- !u!114 &7853801915078088707 stripped
MonoBehaviour:
  m_CorrespondingSourceObject: {fileID: 8700463154681081432, guid: cd98d56c01c16dc40b9febd94b9bc255,
    type: 3}
  m_PrefabInstance: {fileID: 1459181807195977307}
  m_PrefabAsset: {fileID: 0}
  m_GameObject: {fileID: 0}
  m_Enabled: 1
  m_EditorHideFlags: 0
  m_Script: {fileID: 11500000, guid: 1a353406437b43a4488bb443bd5eea04, type: 3}
  m_Name: 
  m_EditorClassIdentifier: 
--- !u!1001 &1459181807223302142
PrefabInstance:
  m_ObjectHideFlags: 0
  serializedVersion: 2
  m_Modification:
    m_TransformParent: {fileID: 1459181807653842203}
    m_Modifications:
    - target: {fileID: 5845351788612090003, guid: cd98d56c01c16dc40b9febd94b9bc255,
        type: 3}
      propertyPath: m_LocalPosition.x
      value: 5.64
      objectReference: {fileID: 0}
    - target: {fileID: 5845351788612090003, guid: cd98d56c01c16dc40b9febd94b9bc255,
        type: 3}
      propertyPath: m_LocalPosition.y
      value: -4.06
      objectReference: {fileID: 0}
    - target: {fileID: 5845351788612090003, guid: cd98d56c01c16dc40b9febd94b9bc255,
        type: 3}
      propertyPath: m_LocalPosition.z
      value: 0
      objectReference: {fileID: 0}
    - target: {fileID: 5845351788612090003, guid: cd98d56c01c16dc40b9febd94b9bc255,
        type: 3}
      propertyPath: m_LocalRotation.x
      value: 0
      objectReference: {fileID: 0}
    - target: {fileID: 5845351788612090003, guid: cd98d56c01c16dc40b9febd94b9bc255,
        type: 3}
      propertyPath: m_LocalRotation.y
      value: 0
      objectReference: {fileID: 0}
    - target: {fileID: 5845351788612090003, guid: cd98d56c01c16dc40b9febd94b9bc255,
        type: 3}
      propertyPath: m_LocalRotation.z
      value: 0
      objectReference: {fileID: 0}
    - target: {fileID: 5845351788612090003, guid: cd98d56c01c16dc40b9febd94b9bc255,
        type: 3}
      propertyPath: m_LocalRotation.w
      value: 1
      objectReference: {fileID: 0}
    - target: {fileID: 5845351788612090003, guid: cd98d56c01c16dc40b9febd94b9bc255,
        type: 3}
      propertyPath: m_RootOrder
      value: 5
      objectReference: {fileID: 0}
    - target: {fileID: 5845351788612090003, guid: cd98d56c01c16dc40b9febd94b9bc255,
        type: 3}
      propertyPath: m_LocalEulerAnglesHint.x
      value: 0
      objectReference: {fileID: 0}
    - target: {fileID: 5845351788612090003, guid: cd98d56c01c16dc40b9febd94b9bc255,
        type: 3}
      propertyPath: m_LocalEulerAnglesHint.y
      value: 0
      objectReference: {fileID: 0}
    - target: {fileID: 5845351788612090003, guid: cd98d56c01c16dc40b9febd94b9bc255,
        type: 3}
      propertyPath: m_LocalEulerAnglesHint.z
      value: 0
      objectReference: {fileID: 0}
    - target: {fileID: 5845351788612090012, guid: cd98d56c01c16dc40b9febd94b9bc255,
        type: 3}
      propertyPath: m_Name
      value: StartNodePlayer2
      objectReference: {fileID: 0}
    - target: {fileID: 8700463154681081432, guid: cd98d56c01c16dc40b9febd94b9bc255,
        type: 3}
      propertyPath: m_startNodePlayer1
      value: 0
      objectReference: {fileID: 0}
    - target: {fileID: 8700463154681081432, guid: cd98d56c01c16dc40b9febd94b9bc255,
        type: 3}
      propertyPath: m_startNodePlayer2
      value: 1
      objectReference: {fileID: 0}
    m_RemovedComponents: []
  m_SourcePrefab: {fileID: 100100000, guid: cd98d56c01c16dc40b9febd94b9bc255, type: 3}
--- !u!114 &7853801915109476774 stripped
MonoBehaviour:
  m_CorrespondingSourceObject: {fileID: 8700463154681081432, guid: cd98d56c01c16dc40b9febd94b9bc255,
    type: 3}
  m_PrefabInstance: {fileID: 1459181807223302142}
  m_PrefabAsset: {fileID: 0}
  m_GameObject: {fileID: 0}
  m_Enabled: 1
  m_EditorHideFlags: 0
  m_Script: {fileID: 11500000, guid: 1a353406437b43a4488bb443bd5eea04, type: 3}
  m_Name: 
  m_EditorClassIdentifier: 
--- !u!4 &4998663964191301485 stripped
Transform:
  m_CorrespondingSourceObject: {fileID: 5845351788612090003, guid: cd98d56c01c16dc40b9febd94b9bc255,
    type: 3}
  m_PrefabInstance: {fileID: 1459181807223302142}
  m_PrefabAsset: {fileID: 0}
--- !u!1001 &1459181807276107035
PrefabInstance:
  m_ObjectHideFlags: 0
  serializedVersion: 2
  m_Modification:
    m_TransformParent: {fileID: 1459181807653842203}
    m_Modifications:
    - target: {fileID: 5845351788612090003, guid: cd98d56c01c16dc40b9febd94b9bc255,
        type: 3}
      propertyPath: m_LocalPosition.x
      value: -0
      objectReference: {fileID: 0}
    - target: {fileID: 5845351788612090003, guid: cd98d56c01c16dc40b9febd94b9bc255,
        type: 3}
      propertyPath: m_LocalPosition.y
      value: -1.88
      objectReference: {fileID: 0}
    - target: {fileID: 5845351788612090003, guid: cd98d56c01c16dc40b9febd94b9bc255,
        type: 3}
      propertyPath: m_LocalPosition.z
      value: 0
      objectReference: {fileID: 0}
    - target: {fileID: 5845351788612090003, guid: cd98d56c01c16dc40b9febd94b9bc255,
        type: 3}
      propertyPath: m_LocalRotation.x
      value: 0
      objectReference: {fileID: 0}
    - target: {fileID: 5845351788612090003, guid: cd98d56c01c16dc40b9febd94b9bc255,
        type: 3}
      propertyPath: m_LocalRotation.y
      value: 0
      objectReference: {fileID: 0}
    - target: {fileID: 5845351788612090003, guid: cd98d56c01c16dc40b9febd94b9bc255,
        type: 3}
      propertyPath: m_LocalRotation.z
      value: 0
      objectReference: {fileID: 0}
    - target: {fileID: 5845351788612090003, guid: cd98d56c01c16dc40b9febd94b9bc255,
        type: 3}
      propertyPath: m_LocalRotation.w
      value: 1
      objectReference: {fileID: 0}
    - target: {fileID: 5845351788612090003, guid: cd98d56c01c16dc40b9febd94b9bc255,
        type: 3}
      propertyPath: m_RootOrder
      value: 3
      objectReference: {fileID: 0}
    - target: {fileID: 5845351788612090003, guid: cd98d56c01c16dc40b9febd94b9bc255,
        type: 3}
      propertyPath: m_LocalEulerAnglesHint.x
      value: 0
      objectReference: {fileID: 0}
    - target: {fileID: 5845351788612090003, guid: cd98d56c01c16dc40b9febd94b9bc255,
        type: 3}
      propertyPath: m_LocalEulerAnglesHint.y
      value: 0
      objectReference: {fileID: 0}
    - target: {fileID: 5845351788612090003, guid: cd98d56c01c16dc40b9febd94b9bc255,
        type: 3}
      propertyPath: m_LocalEulerAnglesHint.z
      value: 0
      objectReference: {fileID: 0}
    - target: {fileID: 5845351788612090012, guid: cd98d56c01c16dc40b9febd94b9bc255,
        type: 3}
      propertyPath: m_Name
      value: NewNodes
      objectReference: {fileID: 0}
    m_RemovedComponents: []
  m_SourcePrefab: {fileID: 100100000, guid: cd98d56c01c16dc40b9febd94b9bc255, type: 3}
--- !u!4 &4998663964273237384 stripped
Transform:
  m_CorrespondingSourceObject: {fileID: 5845351788612090003, guid: cd98d56c01c16dc40b9febd94b9bc255,
    type: 3}
  m_PrefabInstance: {fileID: 1459181807276107035}
  m_PrefabAsset: {fileID: 0}
--- !u!1001 &1459181807357521988
PrefabInstance:
  m_ObjectHideFlags: 0
  serializedVersion: 2
  m_Modification:
    m_TransformParent: {fileID: 1459181807653842203}
    m_Modifications:
    - target: {fileID: 1435896842403836533, guid: fefa2862b74e2ed498ba2f22bcd6e415,
        type: 3}
      propertyPath: m_LocalPosition.x
      value: -3.33
      objectReference: {fileID: 0}
    - target: {fileID: 1435896842403836533, guid: fefa2862b74e2ed498ba2f22bcd6e415,
        type: 3}
      propertyPath: m_LocalPosition.y
      value: -0.63
      objectReference: {fileID: 0}
    - target: {fileID: 1435896842403836533, guid: fefa2862b74e2ed498ba2f22bcd6e415,
        type: 3}
      propertyPath: m_LocalPosition.z
      value: 0
      objectReference: {fileID: 0}
    - target: {fileID: 1435896842403836533, guid: fefa2862b74e2ed498ba2f22bcd6e415,
        type: 3}
      propertyPath: m_LocalRotation.x
      value: 0
      objectReference: {fileID: 0}
    - target: {fileID: 1435896842403836533, guid: fefa2862b74e2ed498ba2f22bcd6e415,
        type: 3}
      propertyPath: m_LocalRotation.y
      value: 0
      objectReference: {fileID: 0}
    - target: {fileID: 1435896842403836533, guid: fefa2862b74e2ed498ba2f22bcd6e415,
        type: 3}
      propertyPath: m_LocalRotation.z
      value: 0
      objectReference: {fileID: 0}
    - target: {fileID: 1435896842403836533, guid: fefa2862b74e2ed498ba2f22bcd6e415,
        type: 3}
      propertyPath: m_LocalRotation.w
      value: 1
      objectReference: {fileID: 0}
    - target: {fileID: 1435896842403836533, guid: fefa2862b74e2ed498ba2f22bcd6e415,
        type: 3}
      propertyPath: m_RootOrder
      value: 16
      objectReference: {fileID: 0}
    - target: {fileID: 1435896842403836533, guid: fefa2862b74e2ed498ba2f22bcd6e415,
        type: 3}
      propertyPath: m_LocalEulerAnglesHint.x
      value: 0
      objectReference: {fileID: 0}
    - target: {fileID: 1435896842403836533, guid: fefa2862b74e2ed498ba2f22bcd6e415,
        type: 3}
      propertyPath: m_LocalEulerAnglesHint.y
      value: 0
      objectReference: {fileID: 0}
    - target: {fileID: 1435896842403836533, guid: fefa2862b74e2ed498ba2f22bcd6e415,
        type: 3}
      propertyPath: m_LocalEulerAnglesHint.z
      value: 0
      objectReference: {fileID: 0}
    - target: {fileID: 1435896842403836538, guid: fefa2862b74e2ed498ba2f22bcd6e415,
        type: 3}
      propertyPath: m_Name
      value: MovingBlockerHorizontal
      objectReference: {fileID: 0}
    - target: {fileID: 3824599944872961586, guid: fefa2862b74e2ed498ba2f22bcd6e415,
        type: 3}
      propertyPath: m_isVertical
      value: 0
      objectReference: {fileID: 0}
    - target: {fileID: 3824599944872961586, guid: fefa2862b74e2ed498ba2f22bcd6e415,
        type: 3}
      propertyPath: m_rightLimit
      value: -0.85
      objectReference: {fileID: 0}
    - target: {fileID: 3824599944872961586, guid: fefa2862b74e2ed498ba2f22bcd6e415,
        type: 3}
      propertyPath: m_leftLimit
      value: -3.33
      objectReference: {fileID: 0}
    - target: {fileID: 3824599944872961586, guid: fefa2862b74e2ed498ba2f22bcd6e415,
        type: 3}
      propertyPath: m_speed
      value: 3
      objectReference: {fileID: 0}
    m_RemovedComponents: []
  m_SourcePrefab: {fileID: 100100000, guid: fefa2862b74e2ed498ba2f22bcd6e415, type: 3}
--- !u!4 &553197892548166193 stripped
Transform:
  m_CorrespondingSourceObject: {fileID: 1435896842403836533, guid: fefa2862b74e2ed498ba2f22bcd6e415,
    type: 3}
  m_PrefabInstance: {fileID: 1459181807357521988}
  m_PrefabAsset: {fileID: 0}
--- !u!114 &2401469174151927414 stripped
MonoBehaviour:
  m_CorrespondingSourceObject: {fileID: 3824599944872961586, guid: fefa2862b74e2ed498ba2f22bcd6e415,
    type: 3}
  m_PrefabInstance: {fileID: 1459181807357521988}
  m_PrefabAsset: {fileID: 0}
  m_GameObject: {fileID: 0}
  m_Enabled: 1
  m_EditorHideFlags: 0
  m_Script: {fileID: 11500000, guid: d0e429adb5800b9459c03313b92016c6, type: 3}
  m_Name: 
  m_EditorClassIdentifier: 
